代码,名称,时间,价格,成交量,前一笔价格,类型
sh600519,贵州茅台,14:59:56,785.75,1700,785.80,卖盘
sh600519,贵州茅台,14:59:50,785.62,1600,785.77,卖盘
sh600519,贵州茅台,14:59:41,785.77,3200,785.90,卖盘
sh600519,贵州茅台,14:59:32,785.90,3496,785.86,买盘
sh600519,贵州茅台,14:59:26,785.50,1100,785.60,卖盘
sh600519,贵州茅台,14:59:23,785.60,900,785.50,中性盘
sh600519,贵州茅台,14:59:20,785.50,1100,785.77,卖盘
sh600519,贵州茅台,14:59:17,785.77,1500,785.50,买盘
sh600519,贵州茅台,14:59:11,785.75,2200,785.50,买盘
sh600519,贵州茅台,14:59:05,785.30,800,785.50,卖盘
sh600519,贵州茅台,14:59:02,785.50,800,785.55,卖盘
sh600519,贵州茅台,14:58:56,785.55,2700,785.80,卖盘
sh600519,贵州茅台,14:58:53,785.80,1200,785.85,卖盘
sh600519,贵州茅台,14:58:50,785.85,6000,785.90,卖盘
sh600519,贵州茅台,14:58:44,785.90,5700,785.88,买盘
sh600519,贵州茅台,14:58:37,785.90,1600,785.80,买盘
sh600519,贵州茅台,14:58:34,785.80,5100,785.88,卖盘
sh600519,贵州茅台,14:58:31,785.88,700,785.82,买盘
sh600519,贵州茅台,14:58:25,785.88,1000,785.94,卖盘
sh600519,贵州茅台,14:58:22,785.94,1900,785.94,卖盘
sh600519,贵州茅台,14:58:19,785.94,700,785.88,买盘
sh600519,贵州茅台,14:58:16,785.88,1200,785.81,买盘
sh600519,贵州茅台,14:58:10,785.81,1300,785.90,卖盘
sh600519,贵州茅台,14:58:04,785.90,3600,785.81,买盘
sh600519,贵州茅台,14:58:01,785.81,700,785.93,卖盘
sh600519,贵州茅台,14:57:58,785.93,1500,785.93,卖盘
sh600519,贵州茅台,14:57:55,785.93,1700,785.80,买盘
sh600519,贵州茅台,14:57:49,785.80,6400,785.80,卖盘
sh600519,贵州茅台,14:57:43,785.81,1900,785.81,买盘
sh600519,贵州茅台,14:57:40,785.81,800,785.85,中性盘
sh600519,贵州茅台,14:57:31,785.81,900,785.80,卖盘
sh600519,贵州茅台,14:57:28,785.80,3000,785.94,卖盘
sh600519,贵州茅台,14:57:25,785.94,1500,785.85,买盘
sh600519,贵州茅台,14:57:19,785.80,800,785.85,卖盘
sh600519,贵州茅台,14:57:16,785.85,3300,785.80,卖盘
sh600519,贵州茅台,14:57:10,785.77,3600,785.85,卖盘
sh600519,贵州茅台,14:56:58,785.77,3300,785.77,买盘
sh600519,贵州茅台,14:56:52,785.72,800,785.72,卖盘
sh600519,贵州茅台,14:56:46,785.72,1942,785.55,买盘
sh600519,贵州茅台,14:56:37,785.30,2400,785.50,卖盘
sh600519,贵州茅台,14:56:34,785.50,900,785.14,买盘
sh600519,贵州茅台,14:56:31,785.14,1400,785.09,卖盘
sh600519,贵州茅台,14:56:16,785.00,3900,785.30,卖盘
sh600519,贵州茅台,14:56:07,785.08,800,785.08,买盘
sh600519,贵州茅台,14:55:58,785.04,900,785.30,卖盘
sh600519,贵州茅台,14:55:52,785.30,700,785.30,买盘
sh600519,贵州茅台,14:55:40,785.00,3300,785.03,卖盘
sh600519,贵州茅台,14:55:37,785.03,1100,785.00,中性盘
sh600519,贵州茅台,14:55:34,785.00,2300,785.83,卖盘
sh600519,贵州茅台,14:55:31,785.83,1000,785.00,买盘
sh600519,贵州茅台,14:55:28,785.00,3458,785.30,卖盘
sh600519,贵州茅台,14:55:19,785.30,2600,785.30,卖盘
sh600519,贵州茅台,14:55:13,785.00,700,785.84,卖盘
sh600519,贵州茅台,14:55:10,785.84,2501,785.00,买盘
sh600519,贵州茅台,14:55:07,785.00,2400,785.00,买盘
sh600519,贵州茅台,14:55:04,785.00,7084,785.84,卖盘
sh600519,贵州茅台,14:55:01,785.84,2500,785.84,买盘
sh600519,贵州茅台,14:54:58,785.84,900,785.18,中性盘
sh600519,贵州茅台,14:54:55,785.18,12700,785.84,卖盘
sh600519,贵州茅台,14:54:52,785.84,1400,785.97,卖盘
sh600519,贵州茅台,14:54:49,785.97,2300,785.97,买盘
sh600519,贵州茅台,14:54:46,785.97,1100,785.84,买盘
sh600519,贵州茅台,14:54:40,785.97,900,785.91,买盘
sh600519,贵州茅台,14:54:37,785.91,1200,785.94,中性盘
sh600519,贵州茅台,14:54:34,785.94,2300,785.84,买盘
sh600519,贵州茅台,14:54:25,785.84,1500,785.99,卖盘
sh600519,贵州茅台,14:54:22,785.99,1700,785.99,买盘
sh600519,贵州茅台,14:54:16,785.99,1500,785.99,买盘
sh600519,贵州茅台,14:54:13,785.99,9334,786.71,卖盘
sh600519,贵州茅台,14:54:07,786.71,1100,786.08,买盘
sh600519,贵州茅台,14:54:04,786.08,1266,786.71,中性盘
sh600519,贵州茅台,14:53:58,786.71,800,786.67,买盘
sh600519,贵州茅台,14:53:52,786.03,700,786.03,卖盘
sh600519,贵州茅台,14:53:37,786.95,1200,785.97,买盘
sh600519,贵州茅台,14:53:34,785.97,2700,786.00,卖盘
sh600519,贵州茅台,14:53:31,786.00,900,786.00,买盘
sh600519,贵州茅台,14:53:28,786.00,800,786.00,买盘
sh600519,贵州茅台,14:53:22,786.00,1900,787.00,卖盘
sh600519,贵州茅台,14:53:16,786.00,800,786.68,买盘
sh600519,贵州茅台,14:53:13,786.68,3500,786.99,卖盘
sh600519,贵州茅台,14:53:10,786.99,1600,785.67,买盘
sh600519,贵州茅台,14:53:07,785.67,1200,785.67,卖盘
sh600519,贵州茅台,14:53:04,785.67,4000,786.67,卖盘
sh600519,贵州茅台,14:52:58,786.67,1600,786.01,买盘
sh600519,贵州茅台,14:52:49,786.01,3604,785.67,买盘
sh600519,贵州茅台,14:52:46,785.67,900,785.67,买盘
sh600519,贵州茅台,14:52:43,785.67,16096,786.01,卖盘
sh600519,贵州茅台,14:52:34,786.00,1700,786.00,买盘
sh600519,贵州茅台,14:52:19,786.00,1700,785.70,买盘
sh600519,贵州茅台,14:52:13,785.69,2204,785.68,买盘
sh600519,贵州茅台,14:52:10,785.68,1500,785.67,中性盘
sh600519,贵州茅台,14:52:07,785.67,800,785.69,卖盘
sh600519,贵州茅台,14:52:04,785.69,1900,785.66,买盘
sh600519,贵州茅台,14:51:58,785.66,1200,785.69,卖盘
sh600519,贵州茅台,14:51:55,785.69,700,785.69,卖盘
sh600519,贵州茅台,14:51:43,785.69,800,785.83,卖盘
sh600519,贵州茅台,14:51:39,785.83,940,785.69,买盘
sh600519,贵州茅台,14:51:34,785.69,1600,785.69,买盘
sh600519,贵州茅台,14:51:31,785.69,4700,785.64,买盘
sh600519,贵州茅台,14:51:28,785.64,1300,785.69,卖盘
sh600519,贵州茅台,14:51:25,785.69,3200,785.62,买盘
sh600519,贵州茅台,14:51:22,785.62,1900,785.69,卖盘
sh600519,贵州茅台,14:51:19,785.69,1200,785.62,买盘
sh600519,贵州茅台,14:51:16,785.62,1600,785.69,卖盘
sh600519,贵州茅台,14:51:13,785.69,2200,785.69,买盘
sh600519,贵州茅台,14:51:10,785.69,900,785.50,买盘
sh600519,贵州茅台,14:51:07,785.50,1000,785.61,卖盘
sh600519,贵州茅台,14:51:04,785.61,700,785.50,中性盘
sh600519,贵州茅台,14:51:01,785.50,1100,785.50,卖盘
sh600519,贵州茅台,14:50:58,785.50,1500,785.51,卖盘
sh600519,贵州茅台,14:50:46,785.50,1700,785.50,卖盘
sh600519,贵州茅台,14:50:37,785.50,1200,785.34,买盘
sh600519,贵州茅台,14:50:34,785.34,1800,785.50,卖盘
sh600519,贵州茅台,14:50:31,785.50,1700,785.50,买盘
sh600519,贵州茅台,14:50:14,785.50,900,785.30,买盘
sh600519,贵州茅台,14:50:11,785.30,1200,785.34,卖盘
sh600519,贵州茅台,14:50:02,785.50,1300,785.53,卖盘
sh600519,贵州茅台,14:49:56,785.52,2200,785.51,卖盘
sh600519,贵州茅台,14:49:38,785.50,700,785.53,卖盘
sh600519,贵州茅台,14:49:35,785.53,2800,785.60,卖盘
sh600519,贵州茅台,14:49:32,785.60,1700,785.51,买盘
sh600519,贵州茅台,14:49:20,785.00,2000,785.33,卖盘
sh600519,贵州茅台,14:49:14,785.50,1300,785.50,买盘
sh600519,贵州茅台,14:49:11,785.50,800,785.61,卖盘
sh600519,贵州茅台,14:49:05,785.61,1200,785.61,买盘
sh600519,贵州茅台,14:49:02,785.61,1400,785.61,买盘
sh600519,贵州茅台,14:48:59,785.61,700,785.69,中性盘
sh600519,贵州茅台,14:48:53,785.61,1800,785.69,卖盘
sh600519,贵州茅台,14:48:50,785.69,1000,785.69,买盘
sh600519,贵州茅台,14:48:44,785.69,1960,786.00,卖盘
sh600519,贵州茅台,14:48:23,785.81,1500,785.70,买盘
sh600519,贵州茅台,14:48:20,785.70,3900,786.00,卖盘
sh600519,贵州茅台,14:48:17,786.00,5300,785.81,买盘
sh600519,贵州茅台,14:48:14,785.81,700,785.82,卖盘
sh600519,贵州茅台,14:48:08,785.81,1200,785.82,中性盘
sh600519,贵州茅台,14:48:02,785.81,1200,785.81,买盘
sh600519,贵州茅台,14:47:59,785.81,1000,785.80,买盘
sh600519,贵州茅台,14:47:47,785.70,1000,785.71,卖盘
sh600519,贵州茅台,14:47:20,785.82,2300,785.82,买盘
sh600519,贵州茅台,14:47:17,785.82,1600,785.62,买盘
sh600519,贵州茅台,14:47:08,785.82,1200,785.30,买盘
sh600519,贵州茅台,14:46:53,785.82,3600,785.61,买盘
sh600519,贵州茅台,14:46:47,785.61,2435,785.82,买盘
sh600519,贵州茅台,14:46:41,785.82,5500,785.82,买盘
sh600519,贵州茅台,14:46:38,785.82,700,785.82,买盘
sh600519,贵州茅台,14:46:32,785.82,4700,786.20,卖盘
sh600519,贵州茅台,14:46:17,786.00,1200,786.00,买盘
sh600519,贵州茅台,14:46:08,786.00,2400,785.61,买盘
sh600519,贵州茅台,14:45:11,786.00,1200,786.49,卖盘
sh600519,贵州茅台,14:45:08,786.49,1700,786.50,卖盘
sh600519,贵州茅台,14:45:02,786.50,1200,786.83,卖盘
sh600519,贵州茅台,14:44:53,786.70,700,786.84,卖盘
sh600519,贵州茅台,14:44:35,787.00,1600,787.00,买盘
sh600519,贵州茅台,14:44:23,787.02,800,787.00,买盘
sh600519,贵州茅台,14:44:14,787.02,3400,787.36,卖盘
sh600519,贵州茅台,14:44:08,787.00,1300,787.30,卖盘
sh600519,贵州茅台,14:44:05,787.30,1000,787.02,买盘
sh600519,贵州茅台,14:43:59,787.02,1900,787.01,买盘
sh600519,贵州茅台,14:43:56,787.01,4200,787.30,卖盘
sh600519,贵州茅台,14:43:35,787.30,1500,787.01,买盘
sh600519,贵州茅台,14:43:29,787.30,800,787.00,买盘
sh600519,贵州茅台,14:43:17,787.00,800,787.00,买盘
sh600519,贵州茅台,14:43:08,787.30,800,787.00,买盘
sh600519,贵州茅台,14:42:59,787.00,1500,786.90,中性盘
sh600519,贵州茅台,14:42:56,786.90,1900,787.19,卖盘
sh600519,贵州茅台,14:42:50,787.10,800,787.20,卖盘
sh600519,贵州茅台,14:42:44,788.00,700,788.30,买盘
sh600519,贵州茅台,14:42:41,788.30,3300,787.28,买盘
sh600519,贵州茅台,14:42:35,788.00,800,788.00,买盘
sh600519,贵州茅台,14:42:32,788.00,1400,788.35,卖盘
sh600519,贵州茅台,14:42:29,788.35,1700,788.50,中性盘
sh600519,贵州茅台,14:42:26,788.50,1200,788.80,卖盘
sh600519,贵州茅台,14:42:23,788.80,3100,788.44,买盘
sh600519,贵州茅台,14:42:20,788.44,4200,788.85,卖盘
sh600519,贵州茅台,14:42:17,788.85,1500,788.80,买盘
sh600519,贵州茅台,14:42:14,788.80,4300,788.54,买盘
sh600519,贵州茅台,14:42:11,788.54,2200,788.54,卖盘
sh600519,贵州茅台,14:42:08,788.54,5700,788.85,卖盘
sh600519,贵州茅台,14:42:05,788.85,1900,788.85,买盘
sh600519,贵州茅台,14:42:02,788.85,5200,788.85,卖盘
sh600519,贵州茅台,14:41:59,788.85,900,788.60,买盘
sh600519,贵州茅台,14:41:56,788.60,1100,788.50,卖盘
sh600519,贵州茅台,14:41:53,788.50,1400,788.50,买盘
sh600519,贵州茅台,14:41:44,788.44,1800,788.40,买盘
sh600519,贵州茅台,14:41:37,788.30,1400,788.30,卖盘
sh600519,贵州茅台,14:41:34,788.30,13000,788.00,买盘
sh600519,贵州茅台,14:41:31,788.00,6600,787.99,买盘
sh600519,贵州茅台,14:41:28,787.99,1300,788.00,中性盘
sh600519,贵州茅台,14:41:25,788.00,800,787.98,买盘
sh600519,贵州茅台,14:41:22,787.98,1900,787.81,买盘
sh600519,贵州茅台,14:41:16,787.80,1100,787.83,卖盘
sh600519,贵州茅台,14:41:13,787.83,700,787.92,中性盘
sh600519,贵州茅台,14:41:10,787.92,16200,787.10,买盘
sh600519,贵州茅台,14:41:07,787.10,3000,787.10,买盘
sh600519,贵州茅台,14:40:58,787.06,1200,787.04,买盘
sh600519,贵州茅台,14:40:55,787.04,10400,787.00,买盘
sh600519,贵州茅台,14:40:49,787.00,4900,786.90,买盘
sh600519,贵州茅台,14:40:46,786.90,1320,786.80,买盘
sh600519,贵州茅台,14:40:43,786.80,3500,786.70,买盘
sh600519,贵州茅台,14:40:37,786.70,2900,786.60,买盘
sh600519,贵州茅台,14:40:34,786.60,800,786.60,买盘
sh600519,贵州茅台,14:40:31,786.60,2400,786.30,买盘
sh600519,贵州茅台,14:40:28,786.30,1100,786.48,中性盘
sh600519,贵州茅台,14:40:25,786.48,4100,786.28,买盘
sh600519,贵州茅台,14:40:22,786.28,2400,786.10,买盘
sh600519,贵州茅台,14:40:19,786.10,4500,786.00,买盘
sh600519,贵州茅台,14:40:16,786.00,11200,786.00,买盘
sh600519,贵州茅台,14:40:13,786.00,1300,785.98,买盘
sh600519,贵州茅台,14:40:10,785.98,2800,785.55,买盘
sh600519,贵州茅台,14:40:07,785.55,700,785.55,卖盘
sh600519,贵州茅台,14:40:04,785.55,8000,785.30,买盘
sh600519,贵州茅台,14:40:01,785.30,1400,785.30,卖盘
sh600519,贵州茅台,14:39:58,785.30,3000,785.30,买盘
sh600519,贵州茅台,14:39:55,785.30,1400,785.30,买盘
sh600519,贵州茅台,14:39:52,785.30,1200,785.30,买盘
sh600519,贵州茅台,14:39:43,785.18,700,785.08,中性盘
sh600519,贵州茅台,14:39:40,785.08,1800,785.08,卖盘
sh600519,贵州茅台,14:39:25,785.00,4135,784.89,买盘
sh600519,贵州茅台,14:38:46,784.31,900,784.15,买盘
sh600519,贵州茅台,14:38:43,784.15,1300,784.15,卖盘
sh600519,贵州茅台,14:38:40,784.15,700,784.15,买盘
sh600519,贵州茅台,14:38:37,784.15,2700,784.15,买盘
sh600519,贵州茅台,14:38:34,784.15,1600,784.14,买盘
sh600519,贵州茅台,14:38:25,784.14,1200,784.14,买盘
sh600519,贵州茅台,14:38:22,784.14,900,784.13,买盘
sh600519,贵州茅台,14:38:04,783.74,2100,784.02,卖盘
sh600519,贵州茅台,14:37:40,783.70,2700,783.69,买盘
sh600519,贵州茅台,14:37:34,783.63,2100,783.66,卖盘
sh600519,贵州茅台,14:37:04,783.58,1000,783.60,卖盘
sh600519,贵州茅台,14:37:01,783.60,964,783.60,买盘
sh600519,贵州茅台,14:36:40,783.60,1100,783.60,买盘
sh600519,贵州茅台,14:36:31,783.60,1000,783.61,卖盘
sh600519,贵州茅台,14:36:25,783.64,1400,783.62,买盘
sh600519,贵州茅台,14:36:19,783.70,2400,783.65,买盘
sh600519,贵州茅台,14:36:01,783.60,1000,783.70,卖盘
sh600519,贵州茅台,14:35:40,783.70,1900,783.80,卖盘
sh600519,贵州茅台,14:35:25,784.00,900,784.13,卖盘
sh600519,贵州茅台,14:35:07,784.14,3100,784.00,买盘
sh600519,贵州茅台,14:35:04,784.00,1800,784.04,卖盘
sh600519,贵州茅台,14:34:37,784.00,2700,784.12,卖盘
sh600519,贵州茅台,14:34:28,784.15,1200,784.04,买盘
sh600519,贵州茅台,14:34:13,784.15,1000,784.14,买盘
sh600519,贵州茅台,14:33:57,784.15,1900,784.15,卖盘
sh600519,贵州茅台,14:33:49,784.15,800,784.15,卖盘
sh600519,贵州茅台,14:33:43,784.18,2200,784.18,买盘
sh600519,贵州茅台,14:33:16,784.18,1400,784.60,卖盘
sh600519,贵州茅台,14:33:04,784.85,1100,784.80,买盘
sh600519,贵州茅台,14:32:53,785.00,2100,784.60,买盘
sh600519,贵州茅台,14:32:50,784.60,700,784.90,卖盘
sh600519,贵州茅台,14:32:29,785.00,3000,785.18,卖盘
sh600519,贵州茅台,14:32:23,785.18,1200,785.01,买盘
sh600519,贵州茅台,14:32:20,785.01,1000,785.18,卖盘
sh600519,贵州茅台,14:32:17,785.18,1900,785.10,买盘
sh600519,贵州茅台,14:32:14,785.10,2200,785.15,中性盘
sh600519,贵州茅台,14:32:05,785.05,1200,785.17,卖盘
sh600519,贵州茅台,14:31:32,785.18,1100,785.17,中性盘
sh600519,贵州茅台,14:31:17,785.25,900,785.46,卖盘
sh600519,贵州茅台,14:31:14,785.46,800,785.44,买盘
sh600519,贵州茅台,14:31:02,785.45,1400,785.25,买盘
sh600519,贵州茅台,14:30:53,785.45,1200,785.45,买盘
sh600519,贵州茅台,14:30:47,785.46,1000,785.49,中性盘
sh600519,贵州茅台,14:30:41,785.49,800,785.41,买盘
sh600519,贵州茅台,14:30:38,785.41,1400,785.48,买盘
sh600519,贵州茅台,14:30:32,785.40,3400,785.42,卖盘
sh600519,贵州茅台,14:30:29,785.42,1300,785.48,中性盘
sh600519,贵州茅台,14:30:26,785.48,900,785.45,买盘
sh600519,贵州茅台,14:30:20,785.41,800,785.41,卖盘
sh600519,贵州茅台,14:30:05,785.48,1300,785.23,买盘
sh600519,贵州茅台,14:30:02,785.23,1300,785.23,卖盘
sh600519,贵州茅台,14:29:53,785.20,1000,785.23,卖盘
sh600519,贵州茅台,14:29:35,785.20,800,785.01,中性盘
sh600519,贵州茅台,14:29:32,785.01,700,785.01,卖盘
sh600519,贵州茅台,14:29:23,785.00,2600,785.00,买盘
sh600519,贵州茅台,14:29:20,785.00,2700,784.99,买盘
sh600519,贵州茅台,14:29:17,784.99,900,784.99,中性盘
sh600519,贵州茅台,14:29:08,784.99,2000,784.89,买盘
sh600519,贵州茅台,14:28:59,785.00,3100,784.94,买盘
sh600519,贵州茅台,14:28:50,784.88,2200,784.85,买盘
sh600519,贵州茅台,14:28:35,784.80,900,784.79,买盘
sh600519,贵州茅台,14:28:14,784.15,1300,784.19,卖盘
sh600519,贵州茅台,14:28:11,784.19,5300,784.15,买盘
sh600519,贵州茅台,14:28:08,784.15,800,784.00,买盘
sh600519,贵州茅台,14:28:05,784.00,1300,784.10,卖盘
sh600519,贵州茅台,14:27:47,783.99,3900,784.00,卖盘
sh600519,贵州茅台,14:27:44,784.00,5100,784.00,买盘
sh600519,贵州茅台,14:27:41,784.00,2000,783.99,买盘
sh600519,贵州茅台,14:27:38,783.99,900,783.71,买盘
sh600519,贵州茅台,14:27:14,783.90,1100,783.69,买盘
sh600519,贵州茅台,14:26:50,783.59,900,783.45,买盘
sh600519,贵州茅台,14:26:35,783.01,700,783.45,卖盘
sh600519,贵州茅台,14:26:29,783.35,700,783.35,中性盘
sh600519,贵州茅台,14:26:23,783.33,2600,783.33,买盘
sh600519,贵州茅台,14:26:20,783.33,1600,783.34,卖盘
sh600519,贵州茅台,14:26:17,783.34,1500,783.33,中性盘
sh600519,贵州茅台,14:26:11,783.33,900,783.10,买盘
sh600519,贵州茅台,14:26:05,783.01,700,783.21,卖盘
sh600519,贵州茅台,14:25:47,783.01,1900,783.20,卖盘
sh600519,贵州茅台,14:25:41,783.10,690,783.30,卖盘
sh600519,贵州茅台,14:25:26,783.20,700,783.20,卖盘
sh600519,贵州茅台,14:25:17,783.21,1210,783.21,卖盘
sh600519,贵州茅台,14:24:11,783.34,1800,783.33,买盘
sh600519,贵州茅台,14:23:53,783.34,800,783.34,卖盘
sh600519,贵州茅台,14:23:22,783.34,1100,783.35,卖盘
sh600519,贵州茅台,14:22:55,783.42,700,783.35,买盘
sh600519,贵州茅台,14:22:22,783.44,800,783.33,买盘
sh600519,贵州茅台,14:21:55,783.34,900,783.50,卖盘
sh600519,贵州茅台,14:21:34,783.60,2500,783.68,卖盘
sh600519,贵州茅台,14:21:28,783.69,1200,783.61,买盘
sh600519,贵州茅台,14:21:16,783.69,658,783.70,买盘
sh600519,贵州茅台,14:21:13,783.70,3300,783.66,买盘
sh600519,贵州茅台,14:21:07,783.68,900,783.69,卖盘
sh600519,贵州茅台,14:21:01,783.69,800,783.66,买盘
sh600519,贵州茅台,14:20:22,783.67,1000,783.66,卖盘
sh600519,贵州茅台,14:19:37,783.60,800,783.60,卖盘
sh600519,贵州茅台,14:19:22,784.14,2700,783.95,买盘
sh600519,贵州茅台,14:18:37,783.56,1200,784.09,卖盘
sh600519,贵州茅台,14:18:34,784.09,1200,783.55,买盘
sh600519,贵州茅台,14:18:31,783.55,2000,783.55,卖盘
sh600519,贵州茅台,14:18:16,783.55,1000,784.15,卖盘
sh600519,贵州茅台,14:18:04,783.55,700,783.55,卖盘
sh600519,贵州茅台,14:17:55,783.55,800,783.50,卖盘
sh600519,贵州茅台,14:17:28,783.77,4100,784.61,卖盘
sh600519,贵州茅台,14:17:07,784.80,700,784.86,买盘
sh600519,贵州茅台,14:16:43,784.81,7300,784.95,卖盘
sh600519,贵州茅台,14:16:40,784.95,900,784.50,买盘
sh600519,贵州茅台,14:16:31,784.79,1100,784.96,卖盘
sh600519,贵州茅台,14:16:25,784.82,1800,784.90,卖盘
sh600519,贵州茅台,14:15:52,785.00,2100,784.99,买盘
sh600519,贵州茅台,14:15:40,785.00,1400,784.98,买盘
sh600519,贵州茅台,14:15:28,784.97,1600,785.00,卖盘
sh600519,贵州茅台,14:14:40,785.00,1600,784.91,买盘
sh600519,贵州茅台,14:14:29,784.91,7500,784.90,买盘
sh600519,贵州茅台,14:14:26,784.90,900,784.91,卖盘
sh600519,贵州茅台,14:14:23,784.91,1800,785.00,中性盘
sh600519,贵州茅台,14:14:20,785.00,1000,784.91,买盘
sh600519,贵州茅台,14:14:14,784.90,1700,784.98,卖盘
sh600519,贵州茅台,14:14:08,784.90,1000,785.00,卖盘
sh600519,贵州茅台,14:14:05,785.00,1100,785.00,买盘
sh600519,贵州茅台,14:13:53,785.00,1100,785.00,买盘
sh600519,贵州茅台,14:13:47,785.00,4000,784.85,买盘
sh600519,贵州茅台,14:13:44,784.85,700,784.88,卖盘
sh600519,贵州茅台,14:13:32,784.82,1600,784.81,买盘
sh600519,贵州茅台,14:13:29,784.81,700,784.81,卖盘
sh600519,贵州茅台,14:13:26,784.81,1400,784.79,买盘
sh600519,贵州茅台,14:13:20,784.80,900,784.79,买盘
sh600519,贵州茅台,14:13:02,784.79,700,784.54,买盘
sh600519,贵州茅台,14:12:32,784.35,1200,784.31,买盘
sh600519,贵州茅台,14:11:53,783.94,2200,784.16,卖盘
sh600519,贵州茅台,14:11:47,784.00,700,784.01,中性盘
sh600519,贵州茅台,14:11:41,784.00,1200,783.98,买盘
sh600519,贵州茅台,14:11:29,783.99,800,783.96,买盘
sh600519,贵州茅台,14:11:20,783.95,700,783.95,卖盘
sh600519,贵州茅台,14:11:08,783.93,1200,783.94,卖盘
sh600519,贵州茅台,14:11:05,783.94,900,783.90,买盘
sh600519,贵州茅台,14:10:50,783.90,1000,783.77,卖盘
sh600519,贵州茅台,14:10:38,783.84,700,783.74,买盘
sh600519,贵州茅台,14:10:14,783.79,1500,783.93,卖盘
sh600519,贵州茅台,14:10:11,783.93,900,783.94,卖盘
sh600519,贵州茅台,14:09:56,783.94,1000,783.94,买盘
sh600519,贵州茅台,14:09:41,783.83,1600,783.82,卖盘
sh600519,贵州茅台,14:09:35,783.89,700,783.80,买盘
sh600519,贵州茅台,14:09:08,783.88,1000,783.79,中性盘
sh600519,贵州茅台,14:08:47,783.80,900,783.70,买盘
sh600519,贵州茅台,14:08:38,783.70,1500,783.51,买盘
sh600519,贵州茅台,14:08:32,783.51,1300,783.50,中性盘
sh600519,贵州茅台,14:07:44,783.33,1400,783.31,卖盘
sh600519,贵州茅台,14:07:29,783.30,1800,783.30,卖盘
sh600519,贵州茅台,14:07:20,783.30,700,783.30,卖盘
sh600519,贵州茅台,14:07:14,783.30,700,783.30,买盘
sh600519,贵州茅台,14:07:02,783.00,900,783.00,卖盘
sh600519,贵州茅台,14:06:47,783.27,1010,783.00,买盘
sh600519,贵州茅台,14:06:38,783.00,4000,783.02,卖盘
sh600519,贵州茅台,14:06:20,783.30,1400,783.18,买盘
sh600519,贵州茅台,14:06:11,783.00,2000,783.08,卖盘
sh600519,贵州茅台,14:05:59,783.00,3200,782.99,买盘
sh600519,贵州茅台,14:05:53,783.56,1700,783.00,买盘
sh600519,贵州茅台,14:05:47,782.98,1800,782.96,买盘
sh600519,贵州茅台,14:05:38,782.94,6600,782.94,卖盘
sh600519,贵州茅台,14:05:02,782.88,1400,782.87,买盘
sh600519,贵州茅台,14:04:34,782.39,700,782.50,卖盘
sh600519,贵州茅台,14:04:22,782.60,1400,782.37,买盘
sh600519,贵州茅台,14:04:04,782.09,1300,782.14,卖盘
sh600519,贵州茅台,14:03:37,782.01,2700,782.00,中性盘
sh600519,贵州茅台,14:03:31,782.00,1300,781.87,买盘
sh600519,贵州茅台,14:03:13,781.55,2900,781.48,中性盘
sh600519,贵州茅台,14:02:58,781.26,900,781.26,卖盘
sh600519,贵州茅台,14:02:52,781.18,700,781.18,卖盘
sh600519,贵州茅台,14:02:43,781.05,900,781.10,卖盘
sh600519,贵州茅台,14:02:40,781.10,900,781.01,买盘
sh600519,贵州茅台,14:02:34,781.00,8500,781.00,买盘
sh600519,贵州茅台,14:02:25,781.00,1100,780.98,买盘
sh600519,贵州茅台,14:02:07,780.98,800,780.92,买盘
sh600519,贵州茅台,14:01:46,780.72,700,780.58,买盘
sh600519,贵州茅台,14:01:40,780.58,1300,780.40,买盘
sh600519,贵州茅台,14:01:04,780.03,968,780.03,买盘
sh600519,贵州茅台,14:00:58,780.00,1932,780.00,卖盘
sh600519,贵州茅台,14:00:46,780.00,3368,780.00,买盘
sh600519,贵州茅台,14:00:43,780.00,1300,779.99,买盘
sh600519,贵州茅台,14:00:25,780.00,2635,779.97,买盘
sh600519,贵州茅台,14:00:16,779.99,1500,779.99,买盘
sh600519,贵州茅台,14:00:07,779.99,2100,780.01,卖盘
sh600519,贵州茅台,14:00:04,780.01,1100,780.20,中性盘
sh600519,贵州茅台,13:59:55,780.03,800,780.00,买盘
sh600519,贵州茅台,13:59:52,780.00,800,780.00,买盘
sh600519,贵州茅台,13:59:49,780.00,1100,780.00,买盘
sh600519,贵州茅台,13:59:43,780.00,700,780.00,买盘
sh600519,贵州茅台,13:59:37,779.99,1300,780.00,卖盘
sh600519,贵州茅台,13:59:22,780.00,1200,780.00,买盘
sh600519,贵州茅台,13:59:19,780.00,5500,780.01,卖盘
sh600519,贵州茅台,13:59:07,780.06,2200,780.00,买盘
sh600519,贵州茅台,13:59:04,780.00,800,780.00,卖盘
sh600519,贵州茅台,13:58:55,780.02,1100,780.00,中性盘
sh600519,贵州茅台,13:58:37,780.20,900,780.20,买盘
sh600519,贵州茅台,13:58:16,780.20,1500,780.48,卖盘
sh600519,贵州茅台,13:57:46,780.49,900,780.60,卖盘
sh600519,贵州茅台,13:57:28,780.98,900,780.65,买盘
sh600519,贵州茅台,13:57:25,780.65,900,780.98,卖盘
sh600519,贵州茅台,13:57:22,780.98,4200,780.98,卖盘
sh600519,贵州茅台,13:57:18,780.98,1400,780.98,卖盘
sh600519,贵州茅台,13:57:13,781.00,2000,781.10,卖盘
sh600519,贵州茅台,13:56:23,781.10,900,781.11,中性盘
sh600519,贵州茅台,13:55:32,781.26,1000,781.20,买盘
sh600519,贵州茅台,13:54:50,781.10,1000,781.27,卖盘
sh600519,贵州茅台,13:54:26,780.95,800,780.95,买盘
sh600519,贵州茅台,13:54:20,780.95,800,781.30,卖盘
sh600519,贵州茅台,13:54:17,781.30,900,781.24,买盘
sh600519,贵州茅台,13:53:56,781.23,2200,781.23,卖盘
sh600519,贵州茅台,13:53:44,781.26,1000,781.23,买盘
sh600519,贵州茅台,13:53:38,781.23,6513,780.95,买盘
sh600519,贵州茅台,13:53:17,781.00,700,780.98,买盘
sh600519,贵州茅台,13:52:50,780.99,700,781.00,卖盘
sh600519,贵州茅台,13:52:38,780.99,800,780.98,买盘
sh600519,贵州茅台,13:51:47,780.34,2100,780.50,卖盘
sh600519,贵州茅台,13:51:29,780.40,700,780.51,卖盘
sh600519,贵州茅台,13:51:11,780.49,900,780.48,买盘
sh600519,贵州茅台,13:50:35,780.00,1500,780.03,卖盘
sh600519,贵州茅台,13:50:29,780.01,1200,780.00,买盘
sh600519,贵州茅台,13:50:23,780.00,5000,779.98,买盘
sh600519,贵州茅台,13:50:17,780.00,700,779.96,买盘
sh600519,贵州茅台,13:50:14,779.96,5200,779.98,卖盘
sh600519,贵州茅台,13:48:53,779.85,700,779.96,卖盘
sh600519,贵州茅台,13:48:32,779.96,1100,779.96,卖盘
sh600519,贵州茅台,13:48:20,779.99,1200,779.99,买盘
sh600519,贵州茅台,13:48:17,779.99,1200,779.85,买盘
sh600519,贵州茅台,13:47:56,779.96,900,779.96,买盘
sh600519,贵州茅台,13:47:47,779.98,900,779.97,买盘
sh600519,贵州茅台,13:47:23,779.82,2000,779.98,卖盘
sh600519,贵州茅台,13:47:07,779.85,800,779.99,卖盘
sh600519,贵州茅台,13:46:55,779.85,700,779.99,卖盘
sh600519,贵州茅台,13:46:37,780.00,800,779.99,买盘
sh600519,贵州茅台,13:46:34,779.99,2300,780.00,卖盘
sh600519,贵州茅台,13:46:28,780.00,700,780.00,卖盘
sh600519,贵州茅台,13:46:22,780.00,886,780.00,买盘
sh600519,贵州茅台,13:46:13,780.00,700,779.95,买盘
sh600519,贵州茅台,13:46:01,779.84,1400,779.81,买盘
sh600519,贵州茅台,13:45:34,779.81,3100,779.81,卖盘
sh600519,贵州茅台,13:45:16,779.85,2100,779.96,卖盘
sh600519,贵州茅台,13:44:46,780.00,800,779.98,买盘
sh600519,贵州茅台,13:44:34,780.00,1100,780.00,买盘
sh600519,贵州茅台,13:44:19,780.00,1314,780.02,卖盘
sh600519,贵州茅台,13:43:31,780.00,800,780.01,卖盘
sh600519,贵州茅台,13:43:13,780.06,1600,780.01,卖盘
sh600519,贵州茅台,13:42:52,780.35,800,780.01,买盘
sh600519,贵州茅台,13:42:19,780.48,1400,780.01,买盘
sh600519,贵州茅台,13:41:49,780.00,1800,780.05,卖盘
sh600519,贵州茅台,13:41:40,780.50,2386,780.00,买盘
sh600519,贵州茅台,13:41:34,780.00,900,780.50,卖盘
sh600519,贵州茅台,13:41:28,780.05,1500,780.56,卖盘
sh600519,贵州茅台,13:40:58,780.60,900,780.58,买盘
sh600519,贵州茅台,13:40:34,780.60,1100,780.60,卖盘
sh600519,贵州茅台,13:40:19,780.56,1700,780.60,卖盘
sh600519,贵州茅台,13:40:16,780.60,1000,780.58,买盘
sh600519,贵州茅台,13:37:38,780.56,5108,780.50,买盘
sh600519,贵州茅台,13:37:29,780.50,700,780.48,中性盘
sh600519,贵州茅台,13:37:23,780.56,8200,780.50,买盘
sh600519,贵州茅台,13:37:20,780.50,800,780.50,买盘
sh600519,贵州茅台,13:37:17,780.50,1700,780.50,卖盘
sh600519,贵州茅台,13:36:59,780.50,5059,780.55,卖盘
sh600519,贵州茅台,13:36:56,780.55,1800,780.55,卖盘
sh600519,贵州茅台,13:36:50,780.55,3141,780.23,买盘
sh600519,贵州茅台,13:36:14,780.56,700,780.55,买盘
sh600519,贵州茅台,13:36:08,780.55,1300,780.56,卖盘
sh600519,贵州茅台,13:35:59,780.55,700,780.60,卖盘
sh600519,贵州茅台,13:35:47,780.56,700,780.56,中性盘
sh600519,贵州茅台,13:35:20,780.55,1000,780.64,卖盘
sh600519,贵州茅台,13:35:17,780.64,800,780.56,买盘
sh600519,贵州茅台,13:35:14,780.56,1100,780.56,买盘
sh600519,贵州茅台,13:35:11,780.56,700,780.56,买盘
sh600519,贵州茅台,13:35:05,780.56,700,780.50,买盘
sh600519,贵州茅台,13:35:02,780.50,800,780.50,卖盘
sh600519,贵州茅台,13:34:56,780.50,2458,779.69,买盘
sh600519,贵州茅台,13:34:53,779.69,1200,779.70,卖盘
sh600519,贵州茅台,13:34:50,779.70,2400,779.69,中性盘
sh600519,贵州茅台,13:34:02,780.00,1200,780.02,卖盘
sh600519,贵州茅台,13:33:59,780.02,1200,780.00,买盘
sh600519,贵州茅台,13:33:47,780.00,2500,780.00,卖盘
sh600519,贵州茅台,13:33:29,780.00,1600,780.09,卖盘
sh600519,贵州茅台,13:32:50,780.50,800,780.46,买盘
sh600519,贵州茅台,13:32:47,780.46,700,780.50,卖盘
sh600519,贵州茅台,13:32:44,780.50,700,780.50,卖盘
sh600519,贵州茅台,13:32:26,780.56,1100,780.60,卖盘
sh600519,贵州茅台,13:32:23,780.60,1100,780.64,卖盘
sh600519,贵州茅台,13:32:11,780.58,3000,780.65,卖盘
sh600519,贵州茅台,13:31:41,780.60,2479,780.93,卖盘
sh600519,贵州茅台,13:31:29,780.93,979,780.80,买盘
sh600519,贵州茅台,13:30:44,781.00,5500,780.77,买盘
sh600519,贵州茅台,13:30:11,780.65,900,780.65,卖盘
sh600519,贵州茅台,13:29:50,780.86,900,780.87,买盘
sh600519,贵州茅台,13:29:35,780.82,781,780.80,买盘
sh600519,贵州茅台,13:28:34,780.58,2300,780.53,买盘
sh600519,贵州茅台,13:28:10,780.92,1400,780.57,买盘
sh600519,贵州茅台,13:27:52,781.00,4300,780.55,买盘
sh600519,贵州茅台,13:27:49,780.55,1300,780.60,中性盘
sh600519,贵州茅台,13:27:46,780.60,2100,780.56,买盘
sh600519,贵州茅台,13:27:19,780.58,800,780.54,买盘
sh600519,贵州茅台,13:26:52,780.54,2100,780.50,买盘
sh600519,贵州茅台,13:26:22,780.50,1000,780.50,卖盘
sh600519,贵州茅台,13:26:19,780.50,1500,780.46,买盘
sh600519,贵州茅台,13:26:10,780.46,700,780.44,买盘
sh600519,贵州茅台,13:26:04,780.47,700,780.48,卖盘
sh600519,贵州茅台,13:25:55,780.47,1000,780.47,卖盘
sh600519,贵州茅台,13:25:49,780.47,1000,780.00,买盘
sh600519,贵州茅台,13:25:43,780.00,1200,780.44,卖盘
sh600519,贵州茅台,13:25:34,780.00,700,780.44,卖盘
sh600519,贵州茅台,13:25:25,780.48,2200,780.43,买盘
sh600519,贵州茅台,13:25:10,780.00,1200,780.30,卖盘
sh600519,贵州茅台,13:25:04,780.30,648,780.00,买盘
sh600519,贵州茅台,13:25:01,780.00,2000,780.00,卖盘
sh600519,贵州茅台,13:24:55,780.00,4500,779.32,买盘
sh600519,贵州茅台,13:24:49,779.22,1400,779.22,卖盘
sh600519,贵州茅台,13:24:37,779.19,3100,779.20,卖盘
sh600519,贵州茅台,13:24:19,779.02,1000,779.19,卖盘
sh600519,贵州茅台,13:24:01,779.02,1000,779.02,卖盘
sh600519,贵州茅台,13:23:52,779.02,1600,779.02,卖盘
sh600519,贵州茅台,13:23:49,779.02,2200,779.19,卖盘
sh600519,贵州茅台,13:23:43,779.17,800,779.19,中性盘
sh600519,贵州茅台,13:23:34,779.02,2700,779.02,卖盘
sh600519,贵州茅台,13:23:31,779.02,800,779.02,卖盘
sh600519,贵州茅台,13:23:19,779.18,2200,779.01,买盘
sh600519,贵州茅台,13:23:16,779.01,1100,779.00,中性盘
sh600519,贵州茅台,13:23:13,779.00,1200,779.00,卖盘
sh600519,贵州茅台,13:23:07,779.00,5700,779.00,卖盘
sh600519,贵州茅台,13:23:04,779.00,700,779.00,卖盘
sh600519,贵州茅台,13:23:01,779.00,1300,779.01,卖盘
sh600519,贵州茅台,13:22:55,779.20,2000,779.20,卖盘
sh600519,贵州茅台,13:22:52,779.20,1200,779.20,卖盘
sh600519,贵州茅台,13:22:49,779.20,1800,779.20,卖盘
sh600519,贵州茅台,13:22:43,779.20,900,779.20,卖盘
sh600519,贵州茅台,13:22:40,779.20,1800,779.33,卖盘
sh600519,贵州茅台,13:22:31,779.20,4200,779.00,中性盘
sh600519,贵州茅台,13:22:28,779.00,900,779.70,卖盘
sh600519,贵州茅台,13:22:22,779.70,2000,779.15,买盘
sh600519,贵州茅台,13:22:16,779.15,1100,780.00,卖盘
sh600519,贵州茅台,13:22:03,780.00,3200,779.70,买盘
sh600519,贵州茅台,13:22:00,779.70,1400,779.70,卖盘
sh600519,贵州茅台,13:21:54,780.00,2865,780.04,卖盘
sh600519,贵州茅台,13:21:51,780.04,1300,780.00,买盘
sh600519,贵州茅台,13:21:48,780.00,2435,780.00,卖盘
sh600519,贵州茅台,13:21:45,780.00,5000,780.08,卖盘
sh600519,贵州茅台,13:21:42,780.08,800,780.02,买盘
sh600519,贵州茅台,13:21:39,780.02,1200,780.06,卖盘
sh600519,贵州茅台,13:21:33,780.00,2200,780.17,卖盘
sh600519,贵州茅台,13:21:24,780.17,1100,780.17,卖盘
sh600519,贵州茅台,13:20:59,780.11,1800,780.20,卖盘
sh600519,贵州茅台,13:20:50,780.20,1700,780.30,卖盘
sh600519,贵州茅台,13:20:47,780.30,1947,780.11,买盘
sh600519,贵州茅台,13:20:29,780.11,1500,780.52,卖盘
sh600519,贵州茅台,13:20:23,780.50,800,780.30,买盘
sh600519,贵州茅台,13:20:17,780.17,1800,780.30,卖盘
sh600519,贵州茅台,13:20:08,780.96,700,780.30,买盘
sh600519,贵州茅台,13:19:56,780.60,1500,780.60,卖盘
sh600519,贵州茅台,13:19:32,780.96,800,780.96,卖盘
sh600519,贵州茅台,13:19:26,780.96,700,780.96,卖盘
sh600519,贵州茅台,13:19:02,780.31,1800,780.68,卖盘
sh600519,贵州茅台,13:18:56,780.68,800,780.53,买盘
sh600519,贵州茅台,13:18:50,780.60,3400,780.59,买盘
sh600519,贵州茅台,13:18:38,780.60,1400,780.60,卖盘
sh600519,贵州茅台,13:18:26,780.60,900,780.67,卖盘
sh600519,贵州茅台,13:18:14,780.67,1100,780.67,卖盘
sh600519,贵州茅台,13:18:05,780.67,800,780.67,卖盘
sh600519,贵州茅台,13:18:02,780.67,700,780.60,中性盘
sh600519,贵州茅台,13:17:56,781.00,1100,780.50,买盘
sh600519,贵州茅台,13:17:41,780.68,1600,780.68,买盘
sh600519,贵州茅台,13:17:38,780.68,2900,781.00,卖盘
sh600519,贵州茅台,13:17:11,780.68,700,781.00,卖盘
sh600519,贵州茅台,13:17:08,781.00,3419,781.00,卖盘
sh600519,贵州茅台,13:16:56,781.00,2581,780.30,买盘
sh600519,贵州茅台,13:16:50,780.68,2000,780.30,买盘
sh600519,贵州茅台,13:16:35,780.68,1400,780.23,买盘
sh600519,贵州茅台,13:16:32,780.23,800,780.24,卖盘
sh600519,贵州茅台,13:16:29,780.24,3919,780.55,卖盘
sh600519,贵州茅台,13:16:26,780.55,700,780.67,卖盘
sh600519,贵州茅台,13:16:17,780.60,1200,780.50,买盘
sh600519,贵州茅台,13:16:08,780.61,717,780.40,买盘
sh600519,贵州茅台,13:16:02,780.40,1464,780.30,买盘
sh600519,贵州茅台,13:15:50,780.25,1300,780.24,卖盘
sh600519,贵州茅台,13:15:26,780.17,900,780.23,卖盘
sh600519,贵州茅台,13:15:23,780.23,1000,780.23,中性盘
sh600519,贵州茅台,13:15:17,780.23,700,780.17,买盘
sh600519,贵州茅台,13:15:05,780.30,1836,780.24,买盘
sh600519,贵州茅台,13:15:02,780.24,3500,780.24,卖盘
sh600519,贵州茅台,13:14:53,780.24,3464,780.33,卖盘
sh600519,贵州茅台,13:14:50,780.33,1200,780.33,卖盘
sh600519,贵州茅台,13:14:41,780.31,2700,780.23,中性盘
sh600519,贵州茅台,13:14:29,780.61,1200,780.68,卖盘
sh600519,贵州茅台,13:14:23,780.68,1900,780.68,卖盘
sh600519,贵州茅台,13:14:17,780.68,1200,780.68,卖盘
sh600519,贵州茅台,13:14:14,780.68,1700,780.49,买盘
sh600519,贵州茅台,13:13:56,780.58,2300,781.00,卖盘
sh600519,贵州茅台,13:13:53,781.00,1000,781.15,卖盘
sh600519,贵州茅台,13:13:50,781.15,1400,781.03,买盘
sh600519,贵州茅台,13:13:44,781.15,700,781.15,买盘
sh600519,贵州茅台,13:13:05,781.36,2100,781.50,卖盘
sh600519,贵州茅台,13:12:50,781.50,1200,781.54,卖盘
sh600519,贵州茅台,13:12:41,781.54,1700,781.55,中性盘
sh600519,贵州茅台,13:12:20,781.83,1000,781.69,买盘
sh600519,贵州茅台,13:12:04,782.00,1100,781.90,买盘
sh600519,贵州茅台,13:11:49,781.95,1700,781.95,卖盘
sh600519,贵州茅台,13:11:46,781.95,800,781.95,卖盘
sh600519,贵州茅台,13:11:40,781.95,800,781.99,卖盘
sh600519,贵州茅台,13:11:37,781.99,800,781.95,买盘
sh600519,贵州茅台,13:11:22,781.80,800,781.22,买盘
sh600519,贵州茅台,13:11:13,781.80,2002,782.01,中性盘
sh600519,贵州茅台,13:11:07,782.01,2400,782.00,买盘
sh600519,贵州茅台,13:11:04,782.00,1200,781.80,买盘
sh600519,贵州茅台,13:11:01,781.80,1500,781.22,买盘
sh600519,贵州茅台,13:10:58,781.22,700,781.22,卖盘
sh600519,贵州茅台,13:10:46,782.05,1200,782.00,买盘
sh600519,贵州茅台,13:10:43,782.00,900,782.05,卖盘
sh600519,贵州茅台,13:10:28,782.50,700,782.75,卖盘
sh600519,贵州茅台,13:10:19,782.75,800,783.00,卖盘
sh600519,贵州茅台,13:10:13,783.00,2600,783.00,卖盘
sh600519,贵州茅台,13:10:10,783.00,4500,783.05,卖盘
sh600519,贵州茅台,13:10:07,783.05,2200,783.05,买盘
sh600519,贵州茅台,13:09:52,783.07,900,783.25,卖盘
sh600519,贵州茅台,13:09:25,783.30,700,783.40,卖盘
sh600519,贵州茅台,13:08:37,784.00,2800,783.60,买盘
sh600519,贵州茅台,13:08:34,783.60,800,783.60,卖盘
sh600519,贵州茅台,13:08:19,783.71,2800,783.80,卖盘
sh600519,贵州茅台,13:08:07,783.85,1800,784.00,卖盘
sh600519,贵州茅台,13:08:04,784.00,4700,784.00,卖盘
sh600519,贵州茅台,13:08:01,784.00,2300,784.02,卖盘
sh600519,贵州茅台,13:07:55,784.02,1600,784.00,买盘
sh600519,贵州茅台,13:07:52,784.00,1400,784.00,卖盘
sh600519,贵州茅台,13:07:49,784.00,2100,784.10,卖盘
sh600519,贵州茅台,13:07:46,784.10,1600,784.09,买盘
sh600519,贵州茅台,13:07:25,784.10,1500,784.19,卖盘
sh600519,贵州茅台,13:07:19,784.10,1000,784.16,卖盘
sh600519,贵州茅台,13:06:16,784.80,2700,784.77,买盘
sh600519,贵州茅台,13:06:13,784.77,1600,784.75,买盘
sh600519,贵州茅台,13:06:04,784.77,900,784.72,买盘
sh600519,贵州茅台,13:05:46,784.82,2000,784.10,买盘
sh600519,贵州茅台,13:05:34,784.82,2700,784.80,买盘
sh600519,贵州茅台,13:05:31,784.80,800,784.80,卖盘
sh600519,贵州茅台,13:05:28,784.80,1300,784.80,卖盘
sh600519,贵州茅台,13:05:25,784.80,1300,784.82,卖盘
sh600519,贵州茅台,13:05:22,784.82,1500,784.83,卖盘
sh600519,贵州茅台,13:05:19,784.83,2400,784.83,买盘
sh600519,贵州茅台,13:05:01,784.83,2200,784.83,卖盘
sh600519,贵州茅台,13:04:43,784.99,1472,785.11,卖盘
sh600519,贵州茅台,13:04:40,785.11,1428,785.00,买盘
sh600519,贵州茅台,13:04:25,785.46,1000,785.00,买盘
sh600519,贵州茅台,13:04:22,785.00,1000,785.46,卖盘
sh600519,贵州茅台,13:04:01,785.49,3200,785.34,买盘
sh600519,贵州茅台,13:03:58,785.34,700,785.49,中性盘
sh600519,贵州茅台,13:03:52,785.00,5200,785.00,卖盘
sh600519,贵州茅台,13:03:48,785.00,2600,785.02,卖盘
sh600519,贵州茅台,13:03:31,785.00,700,785.50,卖盘
sh600519,贵州茅台,13:03:27,785.50,1500,784.99,买盘
sh600519,贵州茅台,13:03:21,784.82,3500,785.00,卖盘
sh600519,贵州茅台,13:02:59,785.55,2500,785.00,买盘
sh600519,贵州茅台,13:02:57,785.00,1300,785.00,卖盘
sh600519,贵州茅台,13:02:33,785.65,1100,785.99,卖盘
sh600519,贵州茅台,13:02:12,785.71,700,786.32,卖盘
sh600519,贵州茅台,13:02:06,785.99,1200,786.00,中性盘
sh600519,贵州茅台,13:01:38,785.60,6700,785.60,卖盘
sh600519,贵州茅台,13:01:23,785.00,1100,785.68,卖盘
sh600519,贵州茅台,13:01:20,785.68,2200,785.60,买盘
sh600519,贵州茅台,13:01:11,785.60,6800,785.20,买盘
sh600519,贵州茅台,13:01:02,785.45,800,785.45,买盘
sh600519,贵州茅台,13:00:47,785.45,901,785.43,买盘
sh600519,贵州茅台,13:00:41,785.45,5200,785.05,买盘
sh600519,贵州茅台,13:00:38,785.05,2200,785.45,卖盘
sh600519,贵州茅台,13:00:26,785.45,6500,785.09,买盘
sh600519,贵州茅台,13:00:14,785.00,1000,785.00,中性盘
sh600519,贵州茅台,13:00:11,785.00,3140,784.90,买盘
sh600519,贵州茅台,13:00:08,784.90,1900,784.80,买盘
sh600519,贵州茅台,13:00:05,784.80,7700,784.10,买盘
sh600519,贵州茅台,13:00:02,784.10,5401,784.10,卖盘
sh600519,贵州茅台,11:28:56,784.00,700,784.89,卖盘
sh600519,贵州茅台,11:28:31,785.01,5000,784.98,买盘
sh600519,贵州茅台,11:28:23,785.00,2100,784.98,中性盘
sh600519,贵州茅台,11:28:10,785.00,1000,785.30,卖盘
sh600519,贵州茅台,11:27:59,785.50,1500,785.50,买盘
sh600519,贵州茅台,11:27:38,785.60,700,785.57,买盘
sh600519,贵州茅台,11:27:29,785.58,1700,785.58,卖盘
sh600519,贵州茅台,11:27:14,785.50,2000,785.30,中性盘
sh600519,贵州茅台,11:27:01,785.30,800,785.44,卖盘
sh600519,贵州茅台,11:26:46,785.30,2200,785.01,买盘
sh600519,贵州茅台,11:26:26,785.00,700,785.00,买盘
sh600519,贵州茅台,11:26:10,785.00,700,784.88,买盘
sh600519,贵州茅台,11:26:08,784.88,1300,784.99,卖盘
sh600519,贵州茅台,11:26:00,784.88,900,784.88,买盘
sh600519,贵州茅台,11:25:54,784.99,800,784.88,买盘
sh600519,贵州茅台,11:25:48,784.88,1400,784.95,卖盘
sh600519,贵州茅台,11:25:39,784.99,1200,784.99,买盘
sh600519,贵州茅台,11:25:24,784.99,1200,784.90,卖盘
sh600519,贵州茅台,11:25:18,784.90,700,785.00,卖盘
sh600519,贵州茅台,11:25:15,785.00,1400,784.90,买盘
sh600519,贵州茅台,11:25:03,784.01,3400,784.00,中性盘
sh600519,贵州茅台,11:24:48,784.00,3200,784.00,买盘
sh600519,贵州茅台,11:24:45,784.00,800,783.99,买盘
sh600519,贵州茅台,11:24:36,784.00,1000,784.00,买盘
sh600519,贵州茅台,11:24:30,784.00,1000,783.99,买盘
sh600519,贵州茅台,11:24:12,784.00,900,784.00,买盘
sh600519,贵州茅台,11:24:06,783.85,800,783.80,买盘
sh600519,贵州茅台,11:23:27,783.50,800,783.66,卖盘
sh600519,贵州茅台,11:21:33,783.05,2000,783.85,卖盘
sh600519,贵州茅台,11:21:15,784.00,1300,783.85,买盘
sh600519,贵州茅台,11:21:12,783.85,900,784.00,卖盘
sh600519,贵州茅台,11:21:06,783.95,900,783.00,买盘
sh600519,贵州茅台,11:20:57,784.00,3000,783.99,买盘
sh600519,贵州茅台,11:20:48,784.00,1200,784.00,买盘
sh600519,贵州茅台,11:20:45,784.00,2100,784.00,买盘
sh600519,贵州茅台,11:20:36,784.00,5500,785.30,卖盘
sh600519,贵州茅台,11:20:27,785.60,2200,785.30,买盘
sh600519,贵州茅台,11:20:24,785.30,900,785.30,卖盘
sh600519,贵州茅台,11:20:15,785.42,1400,785.88,卖盘
sh600519,贵州茅台,11:20:06,785.88,1300,786.00,中性盘
sh600519,贵州茅台,11:19:57,786.00,1700,785.99,买盘
sh600519,贵州茅台,11:19:51,785.99,700,785.99,买盘
sh600519,贵州茅台,11:19:48,785.99,3000,786.43,卖盘
sh600519,贵州茅台,11:19:45,786.43,18100,786.43,买盘
sh600519,贵州茅台,11:19:39,786.50,1600,786.60,卖盘
sh600519,贵州茅台,11:19:36,786.60,2400,786.30,买盘
sh600519,贵州茅台,11:19:33,786.30,1100,786.63,卖盘
sh600519,贵州茅台,11:19:18,786.60,2800,786.30,买盘
sh600519,贵州茅台,11:19:15,786.30,1800,786.70,卖盘
sh600519,贵州茅台,11:19:12,786.70,5400,786.85,卖盘
sh600519,贵州茅台,11:19:09,786.85,1700,786.60,买盘
sh600519,贵州茅台,11:19:06,786.60,3600,786.75,卖盘
sh600519,贵州茅台,11:19:03,786.75,4400,786.80,卖盘
sh600519,贵州茅台,11:19:00,786.80,1600,786.80,卖盘
sh600519,贵州茅台,11:18:57,786.80,2900,786.97,卖盘
sh600519,贵州茅台,11:18:54,786.97,10000,786.88,买盘
sh600519,贵州茅台,11:18:51,786.88,1100,786.88,买盘
sh600519,贵州茅台,11:18:45,786.80,2400,786.85,卖盘
sh600519,贵州茅台,11:18:42,786.85,4100,786.85,买盘
sh600519,贵州茅台,11:18:39,786.85,1100,786.80,买盘
sh600519,贵州茅台,11:18:36,786.80,2000,786.60,买盘
sh600519,贵州茅台,11:18:30,786.80,1300,786.50,买盘
sh600519,贵州茅台,11:18:27,786.50,800,786.40,卖盘
sh600519,贵州茅台,11:18:24,786.40,1400,786.63,卖盘
sh600519,贵州茅台,11:18:21,786.63,1000,786.30,买盘
sh600519,贵州茅台,11:18:18,786.30,3100,786.50,卖盘
sh600519,贵州茅台,11:18:15,786.50,1000,786.30,买盘
sh600519,贵州茅台,11:18:09,786.40,1500,786.30,买盘
sh600519,贵州茅台,11:18:06,786.30,3000,786.30,买盘
sh600519,贵州茅台,11:18:03,786.30,3600,786.29,买盘
sh600519,贵州茅台,11:18:00,786.29,4100,786.20,中性盘
sh600519,贵州茅台,11:17:54,786.30,1000,786.20,买盘
sh600519,贵州茅台,11:17:48,786.20,1100,786.06,买盘
sh600519,贵州茅台,11:17:45,786.06,10500,786.00,买盘
sh600519,贵州茅台,11:17:42,786.00,4100,785.98,买盘
sh600519,贵州茅台,11:17:36,786.00,2300,785.98,买盘
sh600519,贵州茅台,11:17:30,785.97,800,785.90,买盘
sh600519,贵州茅台,11:17:27,785.90,800,785.88,买盘
sh600519,贵州茅台,11:17:21,785.87,1400,785.70,买盘
sh600519,贵州茅台,11:17:18,785.70,900,785.68,买盘
sh600519,贵州茅台,11:17:15,785.68,4100,785.56,买盘
sh600519,贵州茅台,11:17:12,785.56,800,785.56,买盘
sh600519,贵州茅台,11:17:09,785.56,2600,785.42,买盘
sh600519,贵州茅台,11:17:06,785.42,3700,785.30,买盘
sh600519,贵州茅台,11:17:03,785.30,4600,785.20,买盘
sh600519,贵州茅台,11:17:00,785.20,1000,785.13,买盘
sh600519,贵州茅台,11:16:57,785.13,1539,785.00,买盘
sh600519,贵州茅台,11:16:54,785.00,13000,785.00,买盘
sh600519,贵州茅台,11:16:51,785.00,4300,785.00,买盘
sh600519,贵州茅台,11:16:48,785.00,17400,784.98,买盘
sh600519,贵州茅台,11:16:21,784.50,6200,784.49,买盘
sh600519,贵州茅台,11:16:18,784.49,1100,784.30,买盘
sh600519,贵州茅台,11:16:15,784.30,2900,784.10,买盘
sh600519,贵州茅台,11:16:09,784.00,1700,784.09,卖盘
sh600519,贵州茅台,11:16:06,784.09,3800,784.00,买盘
sh600519,贵州茅台,11:16:03,784.00,700,784.00,买盘
sh600519,贵州茅台,11:15:47,783.90,800,783.90,卖盘
sh600519,贵州茅台,11:15:20,783.90,700,783.79,买盘
sh600519,贵州茅台,11:15:15,783.99,700,783.90,买盘
sh600519,贵州茅台,11:15:03,783.39,800,783.90,卖盘
sh600519,贵州茅台,11:14:59,783.90,1000,783.80,买盘
sh600519,贵州茅台,11:14:34,783.99,1700,783.10,买盘
sh600519,贵州茅台,11:14:31,783.10,1100,783.80,卖盘
sh600519,贵州茅台,11:14:07,783.90,2200,784.00,卖盘
sh600519,贵州茅台,11:14:05,784.00,3400,783.94,买盘
sh600519,贵州茅台,11:14:01,783.94,1000,783.95,中性盘
sh600519,贵州茅台,11:13:49,784.00,800,783.96,买盘
sh600519,贵州茅台,11:13:44,783.97,1600,783.90,买盘
sh600519,贵州茅台,11:13:31,784.00,800,783.97,买盘
sh600519,贵州茅台,11:13:22,783.97,1400,783.20,买盘
sh600519,贵州茅台,11:13:16,783.50,1900,783.90,卖盘
sh600519,贵州茅台,11:12:53,784.02,1100,784.00,买盘
sh600519,贵州茅台,11:12:49,784.00,2000,784.06,买盘
sh600519,贵州茅台,11:12:44,784.06,1600,784.06,中性盘
sh600519,贵州茅台,11:12:41,784.06,1100,784.11,卖盘
sh600519,贵州茅台,11:12:35,784.10,800,784.11,卖盘
sh600519,贵州茅台,11:12:31,784.11,1700,784.17,卖盘
sh600519,贵州茅台,11:12:10,784.00,3300,784.29,卖盘
sh600519,贵州茅台,11:12:07,784.29,1200,784.46,卖盘
sh600519,贵州茅台,11:11:56,784.20,1300,784.11,中性盘
sh600519,贵州茅台,11:11:53,784.11,1300,784.25,卖盘
sh600519,贵州茅台,11:11:50,784.25,2700,784.11,买盘
sh600519,贵州茅台,11:11:44,784.11,2600,784.11,买盘
sh600519,贵州茅台,11:11:35,784.11,1200,784.18,卖盘
sh600519,贵州茅台,11:11:25,784.00,2900,784.00,买盘
sh600519,贵州茅台,11:11:22,784.00,2400,783.98,买盘
sh600519,贵州茅台,11:11:19,783.98,1000,783.99,卖盘
sh600519,贵州茅台,11:11:14,784.00,3600,783.90,买盘
sh600519,贵州茅台,11:11:10,783.90,1500,783.96,卖盘
sh600519,贵州茅台,11:11:07,783.96,3500,783.96,买盘
sh600519,贵州茅台,11:11:02,783.90,900,783.82,买盘
sh600519,贵州茅台,11:10:53,783.82,1000,783.80,买盘
sh600519,贵州茅台,11:10:44,783.68,2600,783.50,买盘
sh600519,贵州茅台,11:10:22,783.02,1000,783.00,买盘
sh600519,贵州茅台,11:10:19,783.00,3900,782.86,买盘
sh600519,贵州茅台,11:10:08,782.98,2200,782.79,买盘
sh600519,贵州茅台,11:10:05,782.79,900,782.82,卖盘
sh600519,贵州茅台,11:09:43,782.75,800,782.65,买盘
sh600519,贵州茅台,11:09:07,782.53,1600,782.30,买盘
sh600519,贵州茅台,11:08:59,782.39,2000,782.40,卖盘
sh600519,贵州茅台,11:08:52,782.00,1300,782.00,买盘
sh600519,贵州茅台,11:08:44,782.00,2300,782.40,卖盘
sh600519,贵州茅台,11:08:34,782.50,1100,782.15,买盘
sh600519,贵州茅台,11:08:25,782.12,3000,781.85,买盘
sh600519,贵州茅台,11:08:07,781.00,1400,780.60,卖盘
sh600519,贵州茅台,11:07:59,780.60,5100,780.52,卖盘
sh600519,贵州茅台,11:07:56,780.52,1000,780.52,买盘
sh600519,贵州茅台,11:07:49,780.50,1000,780.50,卖盘
sh600519,贵州茅台,11:07:47,780.50,700,780.30,卖盘
sh600519,贵州茅台,11:07:43,780.30,2900,780.49,中性盘
sh600519,贵州茅台,11:07:37,780.49,700,780.35,买盘
sh600519,贵州茅台,11:07:17,780.50,900,780.65,中性盘
sh600519,贵州茅台,11:06:40,780.16,2300,780.18,卖盘
sh600519,贵州茅台,11:06:15,781.00,1600,781.70,卖盘
sh600519,贵州茅台,11:06:09,781.00,14501,780.40,买盘
sh600519,贵州茅台,11:05:54,780.46,4900,780.10,买盘
sh600519,贵州茅台,11:05:51,780.10,2000,780.39,卖盘
sh600519,贵州茅台,11:05:48,780.39,1300,780.40,买盘
sh600519,贵州茅台,11:05:18,780.06,900,780.06,卖盘
sh600519,贵州茅台,11:05:15,780.06,700,780.06,中性盘
sh600519,贵州茅台,11:05:09,780.00,700,779.86,买盘
sh600519,贵州茅台,11:04:45,779.40,809,779.00,买盘
sh600519,贵州茅台,11:04:15,779.00,1700,778.88,买盘
sh600519,贵州茅台,11:04:09,778.88,1900,778.66,买盘
sh600519,贵州茅台,11:03:36,779.00,2400,778.87,买盘
sh600519,贵州茅台,11:03:33,778.87,900,778.87,卖盘
sh600519,贵州茅台,11:02:33,780.00,5900,780.01,卖盘
sh600519,贵州茅台,11:02:24,780.20,1200,780.20,买盘
sh600519,贵州茅台,11:02:09,780.20,4800,780.47,卖盘
sh600519,贵州茅台,11:02:00,780.20,1400,780.47,卖盘
sh600519,贵州茅台,11:01:18,780.47,800,780.99,卖盘
sh600519,贵州茅台,11:01:15,780.99,1297,780.30,买盘
sh600519,贵州茅台,11:01:06,780.25,1600,780.11,买盘
sh600519,贵州茅台,11:00:57,780.23,1200,780.11,买盘
sh600519,贵州茅台,11:00:45,779.99,700,779.94,中性盘
sh600519,贵州茅台,11:00:42,779.94,1800,779.84,买盘
sh600519,贵州茅台,10:59:51,779.20,2400,779.30,卖盘
sh600519,贵州茅台,10:59:48,779.30,2300,779.30,中性盘
sh600519,贵州茅台,10:58:48,779.20,1900,779.20,买盘
sh600519,贵州茅台,10:58:45,779.20,900,779.88,卖盘
sh600519,贵州茅台,10:58:18,779.19,8300,779.86,卖盘
sh600519,贵州茅台,10:57:27,779.15,1609,778.99,买盘
sh600519,贵州茅台,10:57:12,778.86,800,778.58,买盘
sh600519,贵州茅台,10:56:45,778.11,700,778.22,卖盘
sh600519,贵州茅台,10:56:14,778.02,1800,778.00,卖盘
sh600519,贵州茅台,10:56:11,778.00,700,778.02,卖盘
sh600519,贵州茅台,10:56:08,778.02,1000,778.02,买盘
sh600519,贵州茅台,10:56:05,778.02,3800,778.00,买盘
sh600519,贵州茅台,10:56:02,778.00,2500,778.02,卖盘
sh600519,贵州茅台,10:55:57,778.05,1000,778.07,卖盘
sh600519,贵州茅台,10:55:53,778.07,800,778.05,买盘
sh600519,贵州茅台,10:55:04,778.03,700,778.36,卖盘
sh600519,贵州茅台,10:54:58,778.01,2624,778.98,卖盘
sh600519,贵州茅台,10:54:32,778.50,800,778.50,买盘
sh600519,贵州茅台,10:54:26,778.99,3300,778.00,买盘
sh600519,贵州茅台,10:54:22,778.00,2200,778.05,卖盘
sh600519,贵州茅台,10:54:04,777.96,1000,778.00,卖盘
sh600519,贵州茅台,10:54:01,778.00,1200,778.00,买盘
sh600519,贵州茅台,10:53:59,778.00,900,778.00,买盘
sh600519,贵州茅台,10:53:49,778.00,700,778.00,卖盘
sh600519,贵州茅台,10:53:46,778.00,700,778.50,卖盘
sh600519,贵州茅台,10:53:37,778.00,5100,778.50,卖盘
sh600519,贵州茅台,10:53:31,778.98,2300,778.36,买盘
sh600519,贵州茅台,10:53:16,779.22,1000,779.88,买盘
sh600519,贵州茅台,10:53:10,779.88,700,779.00,买盘
sh600519,贵州茅台,10:53:07,779.00,2900,779.16,卖盘
sh600519,贵州茅台,10:53:04,779.16,1300,779.99,卖盘
sh600519,贵州茅台,10:53:01,779.99,4800,780.00,卖盘
sh600519,贵州茅台,10:52:58,780.00,10600,780.23,卖盘
sh600519,贵州茅台,10:52:43,780.12,800,780.24,卖盘
sh600519,贵州茅台,10:52:31,780.24,2000,780.25,卖盘
sh600519,贵州茅台,10:51:34,780.60,700,780.52,买盘
sh600519,贵州茅台,10:51:28,780.52,1600,780.79,卖盘
sh600519,贵州茅台,10:50:40,780.98,1000,780.98,卖盘
sh600519,贵州茅台,10:50:37,780.98,700,780.98,卖盘
sh600519,贵州茅台,10:50:34,780.98,1200,780.30,买盘
sh600519,贵州茅台,10:50:11,780.30,1600,780.23,买盘
sh600519,贵州茅台,10:50:07,780.23,1000,780.30,卖盘
sh600519,贵州茅台,10:49:16,780.41,700,780.98,卖盘
sh600519,贵州茅台,10:48:58,780.54,695,780.99,卖盘
sh600519,贵州茅台,10:48:55,780.99,1000,781.00,卖盘
sh600519,贵州茅台,10:48:49,781.09,1100,781.07,中性盘
sh600519,贵州茅台,10:47:30,782.00,7500,781.91,买盘
sh600519,贵州茅台,10:47:24,781.91,1000,781.80,买盘
sh600519,贵州茅台,10:47:15,781.91,1200,781.99,卖盘
sh600519,贵州茅台,10:46:57,782.00,1100,781.92,买盘
sh600519,贵州茅台,10:46:48,781.90,1600,781.91,卖盘
sh600519,贵州茅台,10:46:03,781.93,700,782.00,卖盘
sh600519,贵州茅台,10:45:51,782.00,1100,781.41,买盘
sh600519,贵州茅台,10:45:21,781.98,900,782.00,卖盘
sh600519,贵州茅台,10:45:15,782.00,1300,782.00,卖盘
sh600519,贵州茅台,10:44:54,782.00,1100,781.11,买盘
sh600519,贵州茅台,10:44:00,781.60,3200,781.00,买盘
sh600519,贵州茅台,10:43:57,781.00,2400,781.33,卖盘
sh600519,贵州茅台,10:43:51,781.40,1200,781.56,卖盘
sh600519,贵州茅台,10:43:48,781.56,4800,781.60,卖盘
sh600519,贵州茅台,10:43:42,782.52,1200,782.00,买盘
sh600519,贵州茅台,10:43:39,782.00,2600,782.50,卖盘
sh600519,贵州茅台,10:43:33,782.50,4700,782.99,卖盘
sh600519,贵州茅台,10:43:24,783.00,2800,783.00,卖盘
sh600519,贵州茅台,10:43:21,783.00,800,783.56,卖盘
sh600519,贵州茅台,10:43:18,783.56,900,783.56,买盘
sh600519,贵州茅台,10:43:15,783.56,976,783.56,卖盘
sh600519,贵州茅台,10:43:12,783.56,1400,784.00,卖盘
sh600519,贵州茅台,10:42:54,783.99,1200,783.99,卖盘
sh600519,贵州茅台,10:42:48,783.99,1200,783.99,卖盘
sh600519,贵州茅台,10:42:45,783.99,2100,783.50,买盘
sh600519,贵州茅台,10:42:09,783.10,1600,783.00,买盘
sh600519,贵州茅台,10:41:57,783.00,1700,783.00,买盘
sh600519,贵州茅台,10:41:33,782.87,700,782.87,卖盘
sh600519,贵州茅台,10:41:15,782.80,700,782.75,买盘
sh600519,贵州茅台,10:40:33,782.50,3400,782.47,买盘
sh600519,贵州茅台,10:40:30,782.47,10200,782.47,买盘
sh600519,贵州茅台,10:40:21,782.00,1000,782.15,卖盘
sh600519,贵州茅台,10:40:03,782.00,8300,781.58,买盘
sh600519,贵州茅台,10:39:45,781.25,900,781.30,卖盘
sh600519,贵州茅台,10:39:36,781.60,1100,781.59,买盘
sh600519,贵州茅台,10:39:03,781.60,7600,781.38,买盘
sh600519,贵州茅台,10:38:51,781.30,1700,781.30,买盘
sh600519,贵州茅台,10:38:03,780.99,800,781.00,卖盘
sh600519,贵州茅台,10:37:39,781.00,1300,780.54,买盘
sh600519,贵州茅台,10:37:02,781.00,700,780.90,买盘
sh600519,贵州茅台,10:36:19,780.40,1500,780.03,买盘
sh600519,贵州茅台,10:36:10,780.03,800,780.03,卖盘
sh600519,贵州茅台,10:36:07,780.03,1000,780.00,卖盘
sh600519,贵州茅台,10:36:04,780.00,800,780.02,卖盘
sh600519,贵州茅台,10:36:01,780.02,1100,780.03,买盘
sh600519,贵州茅台,10:35:58,780.03,2600,780.02,买盘
sh600519,贵州茅台,10:35:49,780.02,3700,780.02,卖盘
sh600519,贵州茅台,10:35:40,780.02,1100,780.02,卖盘
sh600519,贵州茅台,10:35:31,780.03,1000,780.40,卖盘
sh600519,贵州茅台,10:35:01,780.01,1600,780.02,卖盘
sh600519,贵州茅台,10:34:25,780.40,700,780.26,买盘
sh600519,贵州茅台,10:34:07,780.40,12700,780.41,卖盘
sh600519,贵州茅台,10:34:01,780.40,1300,780.55,卖盘
sh600519,贵州茅台,10:33:55,780.91,800,780.91,买盘
sh600519,贵州茅台,10:33:52,780.91,1700,780.91,买盘
sh600519,贵州茅台,10:33:16,780.40,2028,780.96,卖盘
sh600519,贵州茅台,10:33:13,780.96,2200,780.07,买盘
sh600519,贵州茅台,10:33:07,780.07,1900,780.97,卖盘
sh600519,贵州茅台,10:32:55,780.00,3400,780.00,卖盘
sh600519,贵州茅台,10:32:52,780.00,700,780.00,卖盘
sh600519,贵州茅台,10:32:40,780.00,1900,780.00,卖盘
sh600519,贵州茅台,10:32:37,780.00,1000,780.00,卖盘
sh600519,贵州茅台,10:32:34,780.00,1100,780.01,卖盘
sh600519,贵州茅台,10:32:31,780.01,700,780.02,卖盘
sh600519,贵州茅台,10:32:28,780.02,3100,780.25,卖盘
sh600519,贵州茅台,10:32:19,780.00,1400,780.03,卖盘
sh600519,贵州茅台,10:32:07,780.00,2000,781.40,卖盘
sh600519,贵州茅台,10:31:58,780.00,17600,781.07,卖盘
sh600519,贵州茅台,10:31:55,781.07,1800,781.00,买盘
sh600519,贵州茅台,10:31:49,781.00,4003,780.11,买盘
sh600519,贵州茅台,10:31:37,780.10,2300,780.25,卖盘
sh600519,贵州茅台,10:31:13,780.19,1200,780.23,卖盘
sh600519,贵州茅台,10:31:10,780.23,1400,780.80,卖盘
sh600519,贵州茅台,10:30:49,780.82,800,780.99,卖盘
sh600519,贵州茅台,10:30:28,781.00,3800,781.02,卖盘
sh600519,贵州茅台,10:30:25,781.02,1600,781.02,卖盘
sh600519,贵州茅台,10:30:22,781.02,2400,781.02,卖盘
sh600519,贵州茅台,10:30:16,781.02,4200,781.00,买盘
sh600519,贵州茅台,10:29:49,781.00,2100,781.45,卖盘
sh600519,贵州茅台,10:29:36,781.45,700,781.01,中性盘
sh600519,贵州茅台,10:29:30,781.45,800,781.50,卖盘
sh600519,贵州茅台,10:29:27,781.50,800,781.80,卖盘
sh600519,贵州茅台,10:29:21,781.66,1200,781.72,卖盘
sh600519,贵州茅台,10:29:18,781.72,1000,781.66,买盘
sh600519,贵州茅台,10:29:15,781.66,700,781.60,买盘
sh600519,贵州茅台,10:28:54,781.80,800,781.66,买盘
sh600519,贵州茅台,10:28:48,781.72,2400,782.00,卖盘
sh600519,贵州茅台,10:28:45,782.00,2300,782.00,买盘
sh600519,贵州茅台,10:28:36,782.00,800,782.00,买盘
sh600519,贵州茅台,10:28:33,782.00,2700,782.50,卖盘
sh600519,贵州茅台,10:28:27,782.50,1600,782.60,中性盘
sh600519,贵州茅台,10:28:18,782.63,700,782.60,中性盘
sh600519,贵州茅台,10:28:00,782.79,2100,782.80,中性盘
sh600519,贵州茅台,10:27:42,782.80,2100,782.79,买盘
sh600519,贵州茅台,10:27:39,782.79,1467,782.80,卖盘
sh600519,贵州茅台,10:27:36,782.80,900,782.80,卖盘
sh600519,贵州茅台,10:27:33,782.80,1300,782.80,卖盘
sh600519,贵州茅台,10:27:30,782.80,2300,782.95,卖盘
sh600519,贵州茅台,10:27:18,783.05,1100,782.82,买盘
sh600519,贵州茅台,10:27:15,782.82,2700,783.00,卖盘
sh600519,贵州茅台,10:26:48,782.82,1600,783.00,卖盘
sh600519,贵州茅台,10:26:39,783.04,1400,783.00,买盘
sh600519,贵州茅台,10:26:30,783.00,1000,783.00,买盘
sh600519,贵州茅台,10:26:27,783.00,800,782.80,中性盘
sh600519,贵州茅台,10:26:24,782.80,8733,783.00,卖盘
sh600519,贵州茅台,10:26:18,783.00,1667,783.00,卖盘
sh600519,贵州茅台,10:26:06,783.00,733,783.00,买盘
sh600519,贵州茅台,10:25:51,783.00,2767,783.10,卖盘
sh600519,贵州茅台,10:25:33,783.25,700,783.11,买盘
sh600519,贵州茅台,10:25:21,783.04,2900,783.11,卖盘
sh600519,贵州茅台,10:25:18,783.11,2400,783.10,买盘
sh600519,贵州茅台,10:25:12,783.12,700,783.45,卖盘
sh600519,贵州茅台,10:25:09,783.45,3000,783.11,买盘
sh600519,贵州茅台,10:24:57,783.40,800,783.30,中性盘
sh600519,贵州茅台,10:24:54,783.30,1651,783.48,中性盘
sh600519,贵州茅台,10:24:51,783.48,5000,783.39,买盘
sh600519,贵州茅台,10:24:45,783.02,1400,783.48,卖盘
sh600519,贵州茅台,10:23:51,783.00,747,782.80,买盘
sh600519,贵州茅台,10:23:48,782.80,5900,782.82,卖盘
sh600519,贵州茅台,10:23:45,782.82,1300,782.80,买盘
sh600519,贵州茅台,10:23:42,782.80,1700,782.78,买盘
sh600519,贵州茅台,10:23:36,782.75,1100,782.80,卖盘
sh600519,贵州茅台,10:23:33,782.80,700,782.80,买盘
sh600519,贵州茅台,10:23:12,782.86,1300,783.00,买盘
sh600519,贵州茅台,10:22:54,783.00,1100,782.99,买盘
sh600519,贵州茅台,10:22:21,783.00,13490,783.04,卖盘
sh600519,贵州茅台,10:22:09,783.05,1800,783.05,买盘
sh600519,贵州茅台,10:22:06,783.05,1300,783.05,买盘
sh600519,贵州茅台,10:22:03,783.05,1000,783.05,买盘
sh600519,贵州茅台,10:21:54,783.05,700,783.05,买盘
sh600519,贵州茅台,10:21:48,783.05,1100,783.05,买盘
sh600519,贵州茅台,10:21:45,783.05,900,783.20,卖盘
sh600519,贵州茅台,10:21:21,783.11,800,783.11,买盘
sh600519,贵州茅台,10:20:54,784.11,1100,783.10,买盘
sh600519,贵州茅台,10:20:51,783.10,1200,783.10,卖盘
sh600519,贵州茅台,10:20:48,783.10,2200,784.00,卖盘
sh600519,贵州茅台,10:20:45,784.00,1200,784.00,卖盘
sh600519,贵州茅台,10:20:42,784.00,1700,784.11,卖盘
sh600519,贵州茅台,10:20:39,784.11,2500,784.16,卖盘
sh600519,贵州茅台,10:20:33,784.16,1100,784.19,卖盘
sh600519,贵州茅台,10:20:15,784.00,1300,784.00,卖盘
sh600519,贵州茅台,10:20:12,784.00,5600,784.00,买盘
sh600519,贵州茅台,10:20:09,784.00,1300,783.93,买盘
sh600519,贵州茅台,10:20:03,783.88,1600,783.44,中性盘
sh600519,贵州茅台,10:20:00,783.44,1000,783.60,卖盘
sh600519,贵州茅台,10:19:54,783.60,700,783.10,买盘
sh600519,贵州茅台,10:19:51,783.10,1700,783.44,中性盘
sh600519,贵州茅台,10:19:48,783.44,3900,783.10,买盘
sh600519,贵州茅台,10:19:45,783.10,2000,783.00,买盘
sh600519,贵州茅台,10:19:39,783.00,1700,782.90,买盘
sh600519,贵州茅台,10:19:36,782.90,2200,782.83,中性盘
sh600519,贵州茅台,10:19:21,782.69,4363,782.69,卖盘
sh600519,贵州茅台,10:19:18,782.69,800,782.50,中性盘
sh600519,贵州茅台,10:19:15,782.50,2800,782.50,卖盘
sh600519,贵州茅台,10:19:09,782.50,700,782.16,买盘
sh600519,贵州茅台,10:19:06,782.16,900,782.50,卖盘
sh600519,贵州茅台,10:19:02,782.50,2000,782.00,买盘
sh600519,贵州茅台,10:18:56,782.00,800,782.00,卖盘
sh600519,贵州茅台,10:18:44,781.85,900,782.00,卖盘
sh600519,贵州茅台,10:18:41,782.00,800,781.70,中性盘
sh600519,贵州茅台,10:18:38,781.70,1700,781.70,卖盘
sh600519,贵州茅台,10:18:35,781.70,1600,782.00,卖盘
sh600519,贵州茅台,10:18:32,782.00,1400,781.80,买盘
sh600519,贵州茅台,10:18:23,781.60,1900,781.85,卖盘
sh600519,贵州茅台,10:18:08,781.50,1734,781.20,买盘
sh600519,贵州茅台,10:18:05,781.20,4700,781.50,中性盘
sh600519,贵州茅台,10:18:01,781.50,2600,780.99,买盘
sh600519,贵州茅台,10:17:58,780.99,1800,781.00,卖盘
sh600519,贵州茅台,10:17:55,781.00,800,780.92,买盘
sh600519,贵州茅台,10:17:25,781.20,900,781.00,买盘
sh600519,贵州茅台,10:17:22,781.00,1100,781.00,卖盘
sh600519,贵州茅台,10:17:01,780.90,1800,780.84,卖盘
sh600519,贵州茅台,10:16:31,781.50,1400,781.33,买盘
sh600519,贵州茅台,10:16:28,781.33,1600,781.34,中性盘
sh600519,贵州茅台,10:16:25,781.34,1000,781.50,卖盘
sh600519,贵州茅台,10:16:22,781.50,1600,781.34,买盘
sh600519,贵州茅台,10:16:16,781.34,900,781.50,卖盘
sh600519,贵州茅台,10:16:13,781.50,1300,781.49,买盘
sh600519,贵州茅台,10:15:46,781.50,900,781.50,买盘
sh600519,贵州茅台,10:15:43,781.50,2900,781.34,买盘
sh600519,贵州茅台,10:15:34,781.36,1000,781.36,卖盘
sh600519,贵州茅台,10:15:22,781.36,1100,781.08,买盘
sh600519,贵州茅台,10:15:16,781.29,5400,781.30,卖盘
sh600519,贵州茅台,10:15:07,781.58,700,781.30,买盘
sh600519,贵州茅台,10:15:01,781.50,1700,781.58,卖盘
sh600519,贵州茅台,10:14:55,781.58,1100,781.01,买盘
sh600519,贵州茅台,10:14:52,781.01,2500,781.01,卖盘
sh600519,贵州茅台,10:14:49,781.01,700,781.58,卖盘
sh600519,贵州茅台,10:14:34,782.00,800,782.16,卖盘
sh600519,贵州茅台,10:14:22,782.30,700,782.48,卖盘
sh600519,贵州茅台,10:14:19,782.48,700,782.30,买盘
sh600519,贵州茅台,10:14:16,782.30,900,782.30,卖盘
sh600519,贵州茅台,10:14:10,782.50,1400,782.50,买盘
sh600519,贵州茅台,10:14:04,782.56,700,782.68,中性盘
sh600519,贵州茅台,10:14:01,782.68,800,782.50,买盘
sh600519,贵州茅台,10:13:52,782.68,1700,782.88,卖盘
sh600519,贵州茅台,10:13:49,782.88,800,782.69,中性盘
sh600519,贵州茅台,10:13:46,782.69,800,782.69,卖盘
sh600519,贵州茅台,10:13:40,783.00,1500,782.69,买盘
sh600519,贵州茅台,10:13:31,783.00,900,783.00,卖盘
sh600519,贵州茅台,10:13:19,783.40,1100,783.10,买盘
sh600519,贵州茅台,10:13:16,783.10,900,783.40,卖盘
sh600519,贵州茅台,10:13:10,783.40,2100,783.40,卖盘
sh600519,贵州茅台,10:13:04,783.40,1200,783.50,卖盘
sh600519,贵州茅台,10:13:01,783.50,2000,783.50,卖盘
sh600519,贵州茅台,10:12:55,783.50,900,783.50,卖盘
sh600519,贵州茅台,10:12:52,783.50,2500,783.80,卖盘
sh600519,贵州茅台,10:12:49,783.80,800,783.58,买盘
sh600519,贵州茅台,10:12:46,783.58,800,783.95,卖盘
sh600519,贵州茅台,10:12:31,784.00,3200,784.06,卖盘
sh600519,贵州茅台,10:12:28,784.06,800,784.05,中性盘
sh600519,贵州茅台,10:12:25,784.05,1100,784.06,卖盘
sh600519,贵州茅台,10:12:22,784.06,2400,784.06,中性盘
sh600519,贵州茅台,10:11:55,784.10,800,784.22,卖盘
sh600519,贵州茅台,10:11:43,784.20,2300,784.50,卖盘
sh600519,贵州茅台,10:11:40,784.50,3600,784.20,买盘
sh600519,贵州茅台,10:11:37,784.20,700,784.50,卖盘
sh600519,贵州茅台,10:11:34,784.50,3000,784.35,买盘
sh600519,贵州茅台,10:11:28,784.35,1600,784.35,卖盘
sh600519,贵州茅台,10:11:21,784.20,1800,784.50,卖盘
sh600519,贵州茅台,10:11:15,784.25,1200,784.35,卖盘
sh600519,贵州茅台,10:11:12,784.35,1200,784.35,买盘
sh600519,贵州茅台,10:11:06,784.50,1700,784.35,买盘
sh600519,贵州茅台,10:11:00,784.22,4400,784.50,卖盘
sh600519,贵州茅台,10:10:57,784.50,1200,784.22,买盘
sh600519,贵州茅台,10:10:51,784.50,1200,784.35,买盘
sh600519,贵州茅台,10:10:45,784.22,1400,784.35,卖盘
sh600519,贵州茅台,10:10:39,784.28,800,784.10,买盘
sh600519,贵州茅台,10:10:36,784.10,700,784.20,卖盘
sh600519,贵州茅台,10:10:33,784.20,700,784.20,卖盘
sh600519,贵州茅台,10:10:30,784.20,1300,784.20,卖盘
sh600519,贵州茅台,10:10:15,784.56,2700,784.10,买盘
sh600519,贵州茅台,10:10:12,784.10,2500,784.05,买盘
sh600519,贵州茅台,10:10:09,784.05,2600,784.36,中性盘
sh600519,贵州茅台,10:10:06,784.36,1300,784.00,买盘
sh600519,贵州茅台,10:10:03,784.00,9300,784.00,买盘
sh600519,贵州茅台,10:10:00,784.00,5075,784.00,卖盘
sh600519,贵州茅台,10:09:57,784.00,1500,784.10,卖盘
sh600519,贵州茅台,10:09:54,784.10,2100,784.17,卖盘
sh600519,贵州茅台,10:09:51,784.17,1600,784.31,中性盘
sh600519,贵州茅台,10:09:48,784.31,2527,784.00,买盘
sh600519,贵州茅台,10:09:45,784.00,2200,784.17,卖盘
sh600519,贵州茅台,10:09:42,784.17,1600,784.00,中性盘
sh600519,贵州茅台,10:09:39,784.00,1600,784.00,卖盘
sh600519,贵州茅台,10:09:33,784.00,900,784.56,卖盘
sh600519,贵州茅台,10:09:30,784.56,1000,784.30,买盘
sh600519,贵州茅台,10:09:27,784.30,1100,784.90,卖盘
sh600519,贵州茅台,10:09:24,784.90,800,784.30,买盘
sh600519,贵州茅台,10:09:21,784.30,2100,784.87,卖盘
sh600519,贵州茅台,10:09:12,784.17,2800,784.90,卖盘
sh600519,贵州茅台,10:09:06,785.00,1300,785.08,买盘
sh600519,贵州茅台,10:09:03,785.08,2800,785.08,买盘
sh600519,贵州茅台,10:09:00,785.08,2600,785.13,中性盘
sh600519,贵州茅台,10:08:57,785.13,1000,785.00,买盘
sh600519,贵州茅台,10:08:54,785.00,800,785.13,卖盘
sh600519,贵州茅台,10:08:51,785.13,10198,785.50,卖盘
sh600519,贵州茅台,10:08:48,785.50,5100,785.28,买盘
sh600519,贵州茅台,10:08:45,785.28,2902,785.28,卖盘
sh600519,贵州茅台,10:08:42,785.28,7300,785.48,卖盘
sh600519,贵州茅台,10:08:36,785.28,7396,785.42,卖盘
sh600519,贵州茅台,10:08:33,785.42,2702,785.44,卖盘
sh600519,贵州茅台,10:08:30,785.44,3300,785.23,买盘
sh600519,贵州茅台,10:08:27,785.23,1600,785.27,卖盘
sh600519,贵州茅台,10:08:24,785.27,1844,785.37,卖盘
sh600519,贵州茅台,10:08:21,785.37,800,785.27,买盘
sh600519,贵州茅台,10:08:18,785.27,3400,785.28,卖盘
sh600519,贵州茅台,10:08:15,785.28,1100,785.28,买盘
sh600519,贵州茅台,10:08:12,785.28,5600,785.50,卖盘
sh600519,贵州茅台,10:08:09,785.50,1900,785.44,买盘
sh600519,贵州茅台,10:08:06,785.44,1000,785.28,买盘
sh600519,贵州茅台,10:07:57,785.28,2400,785.13,买盘
sh600519,贵州茅台,10:07:45,785.00,2000,785.00,买盘
sh600519,贵州茅台,10:07:42,785.00,5800,784.99,买盘
sh600519,贵州茅台,10:07:39,784.99,1000,784.99,买盘
sh600519,贵州茅台,10:07:36,784.99,800,784.90,买盘
sh600519,贵州茅台,10:07:33,784.90,900,784.80,买盘
sh600519,贵州茅台,10:07:30,784.80,800,784.27,中性盘
sh600519,贵州茅台,10:07:24,784.27,2600,784.17,买盘
sh600519,贵州茅台,10:07:12,784.16,1300,783.99,买盘
sh600519,贵州茅台,10:07:03,783.50,3200,783.50,中性盘
sh600519,贵州茅台,10:06:54,783.40,1700,783.48,中性盘
sh600519,贵州茅台,10:06:39,782.69,3300,782.69,买盘
sh600519,贵州茅台,10:06:36,782.69,1300,783.00,卖盘
sh600519,贵州茅台,10:06:33,783.00,1400,782.68,买盘
sh600519,贵州茅台,10:06:30,782.68,1200,782.56,买盘
sh600519,贵州茅台,10:06:24,782.68,1200,782.53,买盘
sh600519,贵州茅台,10:06:21,782.53,1400,782.22,买盘
sh600519,贵州茅台,10:06:18,782.22,1500,782.43,中性盘
sh600519,贵州茅台,10:06:12,782.50,4300,782.17,买盘
sh600519,贵州茅台,10:06:06,782.16,900,782.16,卖盘
sh600519,贵州茅台,10:05:54,782.16,2700,782.10,买盘
sh600519,贵州茅台,10:05:42,781.58,900,781.58,卖盘
sh600519,贵州茅台,10:05:36,781.59,1800,781.60,卖盘
sh600519,贵州茅台,10:05:24,781.60,1700,781.60,卖盘
sh600519,贵州茅台,10:05:18,781.59,2200,781.60,买盘
sh600519,贵州茅台,10:05:15,781.60,1300,781.58,买盘
sh600519,贵州茅台,10:05:12,781.58,2600,781.58,卖盘
sh600519,贵州茅台,10:05:09,781.58,1700,781.60,卖盘
sh600519,贵州茅台,10:05:06,781.60,700,781.57,买盘
sh600519,贵州茅台,10:05:00,781.33,6000,781.60,卖盘
sh600519,贵州茅台,10:04:57,781.60,700,781.57,买盘
sh600519,贵州茅台,10:04:42,781.30,1800,781.50,卖盘
sh600519,贵州茅台,10:04:39,781.50,2300,781.20,买盘
sh600519,贵州茅台,10:04:36,781.20,700,781.15,买盘
sh600519,贵州茅台,10:04:33,781.15,800,781.17,中性盘
sh600519,贵州茅台,10:04:30,781.17,1400,781.15,买盘
sh600519,贵州茅台,10:04:27,781.15,2800,781.15,买盘
sh600519,贵州茅台,10:04:24,781.15,8000,781.20,买盘
sh600519,贵州茅台,10:04:18,781.10,2300,781.20,中性盘
sh600519,贵州茅台,10:04:15,781.20,2200,781.30,卖盘
sh600519,贵州茅台,10:04:12,781.30,4900,781.00,买盘
sh600519,贵州茅台,10:04:09,781.00,700,781.30,卖盘
sh600519,贵州茅台,10:04:06,781.30,4400,781.00,买盘
sh600519,贵州茅台,10:04:03,781.00,900,781.00,卖盘
sh600519,贵州茅台,10:04:00,781.00,3320,780.20,买盘
sh600519,贵州茅台,10:03:54,780.50,800,780.50,买盘
sh600519,贵州茅台,10:03:48,780.11,800,780.06,中性盘
sh600519,贵州茅台,10:03:45,780.06,3800,780.10,卖盘
sh600519,贵州茅台,10:03:33,780.05,1400,780.06,卖盘
sh600519,贵州茅台,10:03:27,780.06,800,780.00,买盘
sh600519,贵州茅台,10:03:24,780.00,700,780.06,卖盘
sh600519,贵州茅台,10:03:18,780.00,3400,780.00,卖盘
sh600519,贵州茅台,10:03:15,780.00,1300,780.00,卖盘
sh600519,贵州茅台,10:03:12,780.00,1783,780.00,买盘
sh600519,贵州茅台,10:03:09,780.00,900,779.86,买盘
sh600519,贵州茅台,10:03:03,780.00,900,780.00,买盘
sh600519,贵州茅台,10:03:00,780.00,900,779.98,买盘
sh600519,贵州茅台,10:02:54,779.00,1500,779.15,卖盘
sh600519,贵州茅台,10:02:51,779.15,2200,779.00,买盘
sh600519,贵州茅台,10:02:48,779.00,900,779.00,卖盘
sh600519,贵州茅台,10:02:42,779.00,1100,778.82,买盘
sh600519,贵州茅台,10:02:39,778.82,900,778.50,买盘
sh600519,贵州茅台,10:02:33,778.50,800,778.39,买盘
sh600519,贵州茅台,10:02:21,778.00,907,778.00,买盘
sh600519,贵州茅台,10:02:17,778.00,1200,778.00,买盘
sh600519,贵州茅台,10:01:59,777.01,1700,777.10,卖盘
sh600519,贵州茅台,10:01:57,777.10,800,777.01,中性盘
sh600519,贵州茅台,10:01:53,777.01,1223,777.00,买盘
sh600519,贵州茅台,10:01:51,777.00,5060,776.90,买盘
sh600519,贵州茅台,10:01:44,777.00,3100,776.80,买盘
sh600519,贵州茅台,10:01:42,776.80,800,776.90,卖盘
sh600519,贵州茅台,10:01:36,776.80,800,776.49,卖盘
sh600519,贵州茅台,10:01:32,776.49,2300,776.90,卖盘
sh600519,贵州茅台,10:01:29,776.90,7400,776.80,买盘
sh600519,贵州茅台,10:01:26,776.80,1200,776.50,买盘
sh600519,贵州茅台,10:01:14,776.50,800,776.18,买盘
sh600519,贵州茅台,10:01:11,776.18,1200,776.18,卖盘
sh600519,贵州茅台,10:01:08,776.18,700,776.18,买盘
sh600519,贵州茅台,10:01:05,776.18,2900,776.00,买盘
sh600519,贵州茅台,10:00:59,776.00,1000,776.00,买盘
sh600519,贵州茅台,10:00:56,776.00,2400,775.99,买盘
sh600519,贵州茅台,10:00:50,775.99,1300,775.60,买盘
sh600519,贵州茅台,10:00:41,775.30,3158,775.01,买盘
sh600519,贵州茅台,10:00:38,775.01,1100,775.01,卖盘
sh600519,贵州茅台,10:00:29,775.00,700,774.80,中性盘
sh600519,贵州茅台,10:00:26,774.80,2786,774.80,卖盘
sh600519,贵州茅台,10:00:22,774.80,2300,774.86,卖盘
sh600519,贵州茅台,10:00:13,774.80,1600,774.50,买盘
sh600519,贵州茅台,10:00:10,774.50,2200,774.75,卖盘
sh600519,贵州茅台,10:00:07,774.75,700,774.30,买盘
sh600519,贵州茅台,10:00:04,774.30,1444,774.50,卖盘
sh600519,贵州茅台,10:00:01,774.50,5000,774.42,中性盘
sh600519,贵州茅台,09:59:58,774.42,1700,774.30,中性盘
sh600519,贵州茅台,09:59:55,774.30,3380,774.42,中性盘
sh600519,贵州茅台,09:59:52,774.42,800,774.00,买盘
sh600519,贵州茅台,09:59:49,774.00,5404,774.19,卖盘
sh600519,贵州茅台,09:59:46,774.19,4210,774.19,买盘
sh600519,贵州茅台,09:59:43,774.19,2800,774.00,买盘
sh600519,贵州茅台,09:59:40,774.00,1000,774.00,卖盘
sh600519,贵州茅台,09:59:37,774.00,2810,773.48,买盘
sh600519,贵州茅台,09:59:34,773.48,7200,773.86,卖盘
sh600519,贵州茅台,09:59:31,773.86,1100,773.51,买盘
sh600519,贵州茅台,09:59:28,773.51,6400,773.80,卖盘
sh600519,贵州茅台,09:59:19,774.00,2200,773.69,买盘
sh600519,贵州茅台,09:59:16,773.69,3700,774.00,卖盘
sh600519,贵州茅台,09:59:13,774.00,1500,774.00,卖盘
sh600519,贵州茅台,09:59:10,774.00,3200,773.76,买盘
sh600519,贵州茅台,09:59:07,773.76,900,774.18,卖盘
sh600519,贵州茅台,09:59:04,774.18,1000,773.88,买盘
sh600519,贵州茅台,09:59:01,773.88,700,774.00,卖盘
sh600519,贵州茅台,09:58:58,774.00,700,774.00,中性盘
sh600519,贵州茅台,09:58:55,774.00,2900,774.19,卖盘
sh600519,贵州茅台,09:58:46,774.50,2900,774.56,卖盘
sh600519,贵州茅台,09:58:43,774.56,4900,775.00,卖盘
sh600519,贵州茅台,09:58:40,775.00,2200,775.00,买盘
sh600519,贵州茅台,09:58:37,775.00,11400,775.01,卖盘
sh600519,贵州茅台,09:58:34,775.01,7800,775.00,中性盘
sh600519,贵州茅台,09:58:31,775.00,12300,775.00,卖盘
sh600519,贵州茅台,09:58:28,775.00,12500,775.00,卖盘
sh600519,贵州茅台,09:58:25,775.00,1900,775.00,卖盘
sh600519,贵州茅台,09:58:22,775.00,1700,775.05,卖盘
sh600519,贵州茅台,09:58:16,775.37,4900,775.30,买盘
sh600519,贵州茅台,09:58:13,775.30,1100,775.19,买盘
sh600519,贵州茅台,09:58:10,775.19,900,775.27,卖盘
sh600519,贵州茅台,09:58:07,775.27,2100,775.35,卖盘
sh600519,贵州茅台,09:57:58,775.50,3700,775.88,卖盘
sh600519,贵州茅台,09:57:55,775.88,1700,775.98,中性盘
sh600519,贵州茅台,09:57:52,775.98,2300,776.20,卖盘
sh600519,贵州茅台,09:57:49,776.20,16300,776.22,买盘
sh600519,贵州茅台,09:57:46,776.22,2200,776.18,买盘
sh600519,贵州茅台,09:57:43,776.18,1000,776.22,卖盘
sh600519,贵州茅台,09:57:40,776.22,1600,776.23,卖盘
sh600519,贵州茅台,09:57:37,776.23,4600,776.50,中性盘
sh600519,贵州茅台,09:57:34,776.50,3800,776.51,买盘
sh600519,贵州茅台,09:57:31,776.51,3400,776.60,卖盘
sh600519,贵州茅台,09:57:28,776.60,9890,776.90,卖盘
sh600519,贵州茅台,09:57:25,776.90,4400,776.81,买盘
sh600519,贵州茅台,09:57:22,776.81,1000,776.87,卖盘
sh600519,贵州茅台,09:57:16,776.71,8390,776.90,卖盘
sh600519,贵州茅台,09:57:13,776.90,3000,776.96,卖盘
sh600519,贵州茅台,09:57:01,776.96,1000,776.68,买盘
sh600519,贵州茅台,09:56:58,776.68,2300,777.00,卖盘
sh600519,贵州茅台,09:56:55,777.00,1800,777.00,卖盘
sh600519,贵州茅台,09:56:52,777.00,2600,776.87,买盘
sh600519,贵州茅台,09:56:49,776.87,3100,776.60,中性盘
sh600519,贵州茅台,09:56:46,776.60,8200,776.83,卖盘
sh600519,贵州茅台,09:56:43,776.83,1300,777.00,卖盘
sh600519,贵州茅台,09:56:37,777.00,5700,776.87,中性盘
sh600519,贵州茅台,09:56:34,776.87,3400,777.00,卖盘
sh600519,贵州茅台,09:56:31,777.00,1000,776.87,买盘
sh600519,贵州茅台,09:56:28,776.87,2800,776.90,卖盘
sh600519,贵州茅台,09:56:22,776.74,4710,776.79,卖盘
sh600519,贵州茅台,09:56:19,776.79,1000,777.00,卖盘
sh600519,贵州茅台,09:56:16,777.00,7177,777.50,卖盘
sh600519,贵州茅台,09:56:07,777.00,3923,776.60,买盘
sh600519,贵州茅台,09:56:04,776.60,13977,777.00,卖盘
sh600519,贵州茅台,09:56:01,777.00,2200,776.79,买盘
sh600519,贵州茅台,09:55:58,776.79,4723,777.01,卖盘
sh600519,贵州茅台,09:55:55,777.01,1077,777.00,买盘
sh600519,贵州茅台,09:55:52,777.00,1823,776.60,买盘
sh600519,贵州茅台,09:55:49,776.60,9900,776.70,卖盘
sh600519,贵州茅台,09:55:46,776.70,1700,776.68,买盘
sh600519,贵州茅台,09:55:43,776.68,1100,776.70,中性盘
sh600519,贵州茅台,09:55:40,776.70,1800,776.91,卖盘
sh600519,贵州茅台,09:55:37,776.91,2700,776.68,买盘
sh600519,贵州茅台,09:55:34,776.68,2987,777.01,卖盘
sh600519,贵州茅台,09:55:31,777.01,2913,776.85,买盘
sh600519,贵州茅台,09:55:28,776.85,1200,776.78,买盘
sh600519,贵州茅台,09:55:25,776.78,5600,776.91,卖盘
sh600519,贵州茅台,09:55:22,776.91,3600,776.80,买盘
sh600519,贵州茅台,09:55:16,776.80,1300,776.91,卖盘
sh600519,贵州茅台,09:55:13,776.91,800,776.80,买盘
sh600519,贵州茅台,09:55:10,776.80,2100,776.80,卖盘
sh600519,贵州茅台,09:55:07,776.80,1000,776.85,卖盘
sh600519,贵州茅台,09:55:01,776.91,900,776.80,买盘
sh600519,贵州茅台,09:54:58,776.80,3700,777.00,卖盘
sh600519,贵州茅台,09:54:55,777.00,5580,777.00,卖盘
sh600519,贵州茅台,09:54:52,777.00,9300,777.00,卖盘
sh600519,贵州茅台,09:54:49,777.00,7200,777.00,卖盘
sh600519,贵州茅台,09:54:46,777.00,7800,777.00,卖盘
sh600519,贵州茅台,09:54:43,777.00,7500,777.09,卖盘
sh600519,贵州茅台,09:54:40,777.09,2300,777.07,买盘
sh600519,贵州茅台,09:54:37,777.07,4200,777.17,卖盘
sh600519,贵州茅台,09:54:34,777.17,1600,777.10,中性盘
sh600519,贵州茅台,09:54:31,777.10,6900,777.50,卖盘
sh600519,贵州茅台,09:54:25,777.30,1700,777.69,卖盘
sh600519,贵州茅台,09:54:22,777.69,3600,777.77,卖盘
sh600519,贵州茅台,09:54:19,777.77,1300,777.77,卖盘
sh600519,贵州茅台,09:54:01,778.00,1263,778.00,卖盘
sh600519,贵州茅台,09:53:58,778.00,17220,778.85,卖盘
sh600519,贵州茅台,09:53:51,778.93,1400,778.99,卖盘
sh600519,贵州茅台,09:53:48,778.99,2180,779.00,卖盘
sh600519,贵州茅台,09:53:45,779.00,10500,779.08,卖盘
sh600519,贵州茅台,09:53:33,779.08,2400,779.21,卖盘
sh600519,贵州茅台,09:53:24,779.30,1100,779.29,买盘
sh600519,贵州茅台,09:53:21,779.29,700,779.20,中性盘
sh600519,贵州茅台,09:53:18,779.20,4000,779.20,卖盘
sh600519,贵州茅台,09:53:15,779.20,1500,779.15,中性盘
sh600519,贵州茅台,09:52:57,779.30,4700,779.59,卖盘
sh600519,贵州茅台,09:52:51,779.59,2700,779.80,卖盘
sh600519,贵州茅台,09:52:48,779.80,5000,779.80,买盘
sh600519,贵州茅台,09:52:33,779.86,1800,780.00,卖盘
sh600519,贵州茅台,09:52:24,779.77,3800,779.80,中性盘
sh600519,贵州茅台,09:52:18,779.69,1900,780.00,卖盘
sh600519,贵州茅台,09:52:12,779.50,800,780.00,卖盘
sh600519,贵州茅台,09:52:09,780.00,4200,779.80,买盘
sh600519,贵州茅台,09:52:03,779.80,1400,779.69,买盘
sh600519,贵州茅台,09:52:00,779.69,1400,779.69,买盘
sh600519,贵州茅台,09:51:57,779.69,7980,780.00,卖盘
sh600519,贵州茅台,09:51:42,780.03,3310,779.50,买盘
sh600519,贵州茅台,09:51:39,779.50,19390,780.00,卖盘
sh600519,贵州茅台,09:51:33,780.00,6700,779.99,买盘
sh600519,贵州茅台,09:51:21,779.69,910,779.69,卖盘
sh600519,贵州茅台,09:51:18,779.69,700,779.69,卖盘
sh600519,贵州茅台,09:51:03,779.56,1900,779.56,卖盘
sh600519,贵州茅台,09:50:54,779.50,1000,779.54,卖盘
sh600519,贵州茅台,09:50:48,779.50,1400,779.50,卖盘
sh600519,贵州茅台,09:50:45,779.50,2300,779.15,买盘
sh600519,贵州茅台,09:50:42,779.15,900,779.15,卖盘
sh600519,贵州茅台,09:50:39,779.15,1500,779.20,卖盘
sh600519,贵州茅台,09:50:36,779.20,1900,779.15,卖盘
sh600519,贵州茅台,09:50:15,779.08,1000,779.60,卖盘
sh600519,贵州茅台,09:50:12,779.60,1910,779.50,买盘
sh600519,贵州茅台,09:50:06,779.50,1100,779.50,卖盘
sh600519,贵州茅台,09:50:03,779.50,4700,779.08,买盘
sh600519,贵州茅台,09:49:57,779.02,1100,779.06,卖盘
sh600519,贵州茅台,09:49:39,779.00,1000,779.00,卖盘
sh600519,贵州茅台,09:49:36,779.00,1500,779.08,卖盘
sh600519,贵州茅台,09:49:30,779.08,6210,779.02,买盘
sh600519,贵州茅台,09:49:27,779.02,2100,779.00,卖盘
sh600519,贵州茅台,09:49:24,779.00,1600,779.02,卖盘
sh600519,贵州茅台,09:49:18,779.08,700,779.07,买盘
sh600519,贵州茅台,09:49:12,779.08,1100,779.05,买盘
sh600519,贵州茅台,09:49:09,779.05,1300,779.05,卖盘
sh600519,贵州茅台,09:49:05,779.05,810,779.08,卖盘
sh600519,贵州茅台,09:48:57,779.50,800,779.00,买盘
sh600519,贵州茅台,09:48:54,779.00,2100,779.00,买盘
sh600519,贵州茅台,09:48:51,779.00,4000,779.08,卖盘
sh600519,贵州茅台,09:48:48,779.08,1300,779.08,卖盘
sh600519,贵州茅台,09:48:45,779.08,2000,779.05,买盘
sh600519,贵州茅台,09:48:42,779.05,700,779.07,中性盘
sh600519,贵州茅台,09:48:39,779.07,1300,779.04,买盘
sh600519,贵州茅台,09:48:36,779.04,1800,779.00,买盘
sh600519,贵州茅台,09:48:33,779.00,800,779.00,卖盘
sh600519,贵州茅台,09:48:30,779.00,4800,779.00,买盘
sh600519,贵州茅台,09:48:27,779.00,1300,779.00,买盘
sh600519,贵州茅台,09:48:24,779.00,900,778.81,买盘
sh600519,贵州茅台,09:48:15,779.00,1000,778.84,买盘
sh600519,贵州茅台,09:48:12,778.84,2400,778.81,买盘
sh600519,贵州茅台,09:48:06,778.78,4200,778.81,卖盘
sh600519,贵州茅台,09:48:03,778.81,2600,778.82,卖盘
sh600519,贵州茅台,09:48:00,778.82,20700,778.81,买盘
sh600519,贵州茅台,09:47:57,778.81,700,779.00,卖盘
sh600519,贵州茅台,09:47:51,778.81,1200,778.80,中性盘
sh600519,贵州茅台,09:47:48,778.80,1710,779.00,卖盘
sh600519,贵州茅台,09:47:45,779.00,2300,779.08,卖盘
sh600519,贵州茅台,09:47:39,778.80,1400,779.04,卖盘
sh600519,贵州茅台,09:47:36,779.04,1200,779.00,买盘
sh600519,贵州茅台,09:47:30,779.00,1400,778.90,买盘
sh600519,贵州茅台,09:47:26,778.90,5307,779.00,中性盘
sh600519,贵州茅台,09:47:24,779.00,1700,778.88,买盘
sh600519,贵州茅台,09:47:18,778.81,900,778.78,买盘
sh600519,贵州茅台,09:47:15,778.78,800,778.80,卖盘
sh600519,贵州茅台,09:47:12,778.80,3000,778.80,卖盘
sh600519,贵州茅台,09:47:09,778.80,2500,779.08,卖盘
sh600519,贵州茅台,09:46:57,778.80,900,779.08,卖盘
sh600519,贵州茅台,09:46:51,779.08,2100,778.78,买盘
sh600519,贵州茅台,09:46:48,778.78,1800,778.78,买盘
sh600519,贵州茅台,09:46:45,778.78,800,778.78,买盘
sh600519,贵州茅台,09:46:42,778.78,1700,778.78,买盘
sh600519,贵州茅台,09:46:39,778.78,1500,778.80,卖盘
sh600519,贵州茅台,09:46:36,778.80,800,778.86,中性盘
sh600519,贵州茅台,09:46:30,778.78,800,778.78,卖盘
sh600519,贵州茅台,09:46:27,778.78,1100,778.80,卖盘
sh600519,贵州茅台,09:46:24,778.80,5300,779.80,卖盘
sh600519,贵州茅台,09:46:21,779.80,3600,778.90,买盘
sh600519,贵州茅台,09:46:18,778.90,1800,778.88,买盘
sh600519,贵州茅台,09:46:15,778.88,4000,779.08,卖盘
sh600519,贵州茅台,09:46:12,779.08,2600,779.08,买盘
sh600519,贵州茅台,09:46:08,779.08,4100,779.10,卖盘
sh600519,贵州茅台,09:46:00,779.20,900,779.00,买盘
sh600519,贵州茅台,09:45:57,779.00,4200,779.08,卖盘
sh600519,贵州茅台,09:45:54,779.08,4000,779.30,卖盘
sh600519,贵州茅台,09:45:51,779.30,1600,779.32,卖盘
sh600519,贵州茅台,09:45:45,779.32,1300,779.70,卖盘
sh600519,贵州茅台,09:45:39,779.80,1400,779.80,买盘
sh600519,贵州茅台,09:45:36,779.80,1500,779.80,买盘
sh600519,贵州茅台,09:45:33,779.80,4300,779.80,卖盘
sh600519,贵州茅台,09:45:27,779.80,2200,779.80,卖盘
sh600519,贵州茅台,09:45:23,779.80,1000,779.80,卖盘
sh600519,贵州茅台,09:45:20,779.80,7400,779.30,买盘
sh600519,贵州茅台,09:45:15,779.80,800,779.80,买盘
sh600519,贵州茅台,09:45:12,779.80,1600,779.80,买盘
sh600519,贵州茅台,09:45:06,779.80,8000,780.33,卖盘
sh600519,贵州茅台,09:45:00,780.80,900,780.33,买盘
sh600519,贵州茅台,09:44:54,780.31,700,780.00,中性盘
sh600519,贵州茅台,09:44:48,779.80,1200,780.00,卖盘
sh600519,贵州茅台,09:44:42,779.80,1500,780.00,卖盘
sh600519,贵州茅台,09:44:39,780.00,2000,779.00,买盘
sh600519,贵州茅台,09:44:35,779.00,1600,779.00,卖盘
sh600519,贵州茅台,09:44:27,779.00,1000,778.70,买盘
sh600519,贵州茅台,09:44:17,778.50,1400,779.00,卖盘
sh600519,贵州茅台,09:44:11,778.95,2800,778.00,买盘
sh600519,贵州茅台,09:44:05,778.80,1100,778.01,中性盘
sh600519,贵州茅台,09:44:02,778.01,2200,779.00,卖盘
sh600519,贵州茅台,09:43:59,779.00,5800,778.00,买盘
sh600519,贵州茅台,09:43:56,778.00,1100,777.88,买盘
sh600519,贵州茅台,09:43:53,777.88,800,777.90,卖盘
sh600519,贵州茅台,09:43:47,778.00,900,778.00,买盘
sh600519,贵州茅台,09:43:44,778.00,3500,777.82,中性盘
sh600519,贵州茅台,09:43:41,777.82,2000,779.00,卖盘
sh600519,贵州茅台,09:43:38,779.00,1400,779.00,卖盘
sh600519,贵州茅台,09:43:35,779.00,3320,777.10,买盘
sh600519,贵州茅台,09:43:32,777.10,4700,777.80,卖盘
sh600519,贵州茅台,09:43:26,777.13,2800,778.78,卖盘
sh600519,贵州茅台,09:43:17,777.80,2600,778.00,卖盘
sh600519,贵州茅台,09:43:11,780.00,7200,780.00,买盘
sh600519,贵州茅台,09:43:05,780.00,7500,780.00,卖盘
sh600519,贵州茅台,09:43:02,780.00,1500,780.33,卖盘
sh600519,贵州茅台,09:42:59,780.33,10700,780.98,卖盘
sh600519,贵州茅台,09:42:46,781.00,3400,781.00,买盘
sh600519,贵州茅台,09:42:43,781.00,3900,781.00,卖盘
sh600519,贵州茅台,09:42:40,781.00,1500,781.00,卖盘
sh600519,贵州茅台,09:42:37,781.00,3100,781.00,买盘
sh600519,贵州茅台,09:42:31,781.00,1200,781.07,卖盘
sh600519,贵州茅台,09:42:22,781.22,700,781.22,买盘
sh600519,贵州茅台,09:42:19,781.22,3200,781.22,卖盘
sh600519,贵州茅台,09:42:16,781.22,2300,782.00,卖盘
sh600519,贵州茅台,09:42:13,782.00,3900,781.82,买盘
sh600519,贵州茅台,09:42:10,781.82,2000,781.71,买盘
sh600519,贵州茅台,09:42:04,781.87,2600,781.88,卖盘
sh600519,贵州茅台,09:42:01,781.88,1200,781.88,卖盘
sh600519,贵州茅台,09:41:55,782.20,1300,781.88,买盘
sh600519,贵州茅台,09:41:52,781.88,4200,782.20,卖盘
sh600519,贵州茅台,09:41:49,782.20,1800,782.02,买盘
sh600519,贵州茅台,09:41:46,782.02,4600,782.20,卖盘
sh600519,贵州茅台,09:41:43,782.20,2000,782.17,买盘
sh600519,贵州茅台,09:41:40,782.17,1500,782.17,买盘
sh600519,贵州茅台,09:41:37,782.17,1000,782.20,卖盘
sh600519,贵州茅台,09:41:31,782.20,700,782.20,卖盘
sh600519,贵州茅台,09:41:28,782.20,1000,782.43,卖盘
sh600519,贵州茅台,09:41:25,782.43,800,782.43,买盘
sh600519,贵州茅台,09:41:22,782.43,1000,782.50,买盘
sh600519,贵州茅台,09:41:19,782.50,3500,782.51,卖盘
sh600519,贵州茅台,09:41:16,782.51,1900,783.00,卖盘
sh600519,贵州茅台,09:41:13,783.00,4300,782.60,买盘
sh600519,贵州茅台,09:41:07,782.60,3400,783.00,卖盘
sh600519,贵州茅台,09:41:01,783.00,1500,783.00,卖盘
sh600519,贵州茅台,09:40:58,783.00,2000,783.01,卖盘
sh600519,贵州茅台,09:40:52,783.01,1800,783.42,卖盘
sh600519,贵州茅台,09:40:28,784.16,1100,784.90,卖盘
sh600519,贵州茅台,09:40:25,784.90,1500,784.30,买盘
sh600519,贵州茅台,09:40:22,784.30,2100,785.00,卖盘
sh600519,贵州茅台,09:40:19,785.00,1800,784.90,买盘
sh600519,贵州茅台,09:40:04,785.00,5349,785.85,卖盘
sh600519,贵州茅台,09:40:01,785.85,1400,785.60,买盘
sh600519,贵州茅台,09:39:58,785.60,6600,786.00,卖盘
sh600519,贵州茅台,09:39:55,786.00,7700,786.30,卖盘
sh600519,贵州茅台,09:39:52,786.30,1000,786.00,买盘
sh600519,贵州茅台,09:39:49,786.00,2750,786.00,买盘
sh600519,贵州茅台,09:39:46,786.00,16000,786.00,买盘
sh600519,贵州茅台,09:39:43,786.00,1999,786.30,卖盘
sh600519,贵州茅台,09:39:40,786.30,1200,786.30,买盘
sh600519,贵州茅台,09:39:37,786.30,6200,786.30,买盘
sh600519,贵州茅台,09:39:34,786.30,1200,786.25,卖盘
sh600519,贵州茅台,09:39:31,786.25,3700,786.32,卖盘
sh600519,贵州茅台,09:39:28,786.32,3300,786.60,中性盘
sh600519,贵州茅台,09:39:25,786.60,2600,786.60,买盘
sh600519,贵州茅台,09:39:22,786.60,8900,787.00,卖盘
sh600519,贵州茅台,09:39:19,787.00,2300,786.99,买盘
sh600519,贵州茅台,09:39:16,786.99,2800,787.00,中性盘
sh600519,贵州茅台,09:39:13,787.00,4000,786.97,买盘
sh600519,贵州茅台,09:39:04,786.60,1800,786.60,卖盘
sh600519,贵州茅台,09:39:01,786.60,800,786.00,中性盘
sh600519,贵州茅台,09:38:58,786.00,10500,786.30,卖盘
sh600519,贵州茅台,09:38:55,786.30,1401,786.25,买盘
sh600519,贵州茅台,09:38:52,786.25,4700,786.25,卖盘
sh600519,贵州茅台,09:38:49,786.25,14400,786.00,买盘
sh600519,贵州茅台,09:38:46,786.00,8100,785.60,买盘
sh600519,贵州茅台,09:38:43,785.60,5300,785.54,买盘
sh600519,贵州茅台,09:38:40,785.54,1300,785.52,买盘
sh600519,贵州茅台,09:38:37,785.52,6400,785.52,买盘
sh600519,贵州茅台,09:38:34,785.52,8000,785.52,卖盘
sh600519,贵州茅台,09:38:31,785.52,900,785.50,卖盘
sh600519,贵州茅台,09:38:22,785.53,851,785.00,买盘
sh600519,贵州茅台,09:38:16,785.16,3649,785.00,买盘
sh600519,贵州茅台,09:38:13,785.00,2800,785.00,卖盘
sh600519,贵州茅台,09:38:10,785.00,1000,785.07,卖盘
sh600519,贵州茅台,09:38:07,785.07,2400,785.01,买盘
sh600519,贵州茅台,09:38:04,785.01,3751,784.85,买盘
sh600519,贵州茅台,09:38:01,784.85,800,784.99,中性盘
sh600519,贵州茅台,09:37:58,784.99,6149,784.90,买盘
sh600519,贵州茅台,09:37:55,784.90,3051,784.50,买盘
sh600519,贵州茅台,09:37:52,784.50,900,784.50,中性盘
sh600519,贵州茅台,09:37:49,784.50,1400,784.81,中性盘
sh600519,贵州茅台,09:37:46,784.81,1900,784.20,买盘
sh600519,贵州茅台,09:37:40,784.53,3900,784.86,中性盘
sh600519,贵州茅台,09:37:37,784.86,700,784.50,中性盘
sh600519,贵州茅台,09:37:34,784.50,7551,784.68,中性盘
sh600519,贵州茅台,09:37:31,784.68,5500,784.16,买盘
sh600519,贵州茅台,09:37:28,784.16,5900,784.50,卖盘
sh600519,贵州茅台,09:37:25,784.50,6400,784.85,卖盘
sh600519,贵州茅台,09:37:22,784.85,2900,784.91,卖盘
sh600519,贵州茅台,09:37:19,784.91,1300,784.50,买盘
sh600519,贵州茅台,09:37:16,784.50,7600,784.77,卖盘
sh600519,贵州茅台,09:37:13,784.77,1800,784.68,中性盘
sh600519,贵州茅台,09:37:10,784.68,4500,784.80,中性盘
sh600519,贵州茅台,09:37:07,784.80,2300,784.50,中性盘
sh600519,贵州茅台,09:37:04,784.50,1500,784.99,卖盘
sh600519,贵州茅台,09:37:01,784.99,4400,784.90,买盘
sh600519,贵州茅台,09:36:58,784.90,2500,784.99,卖盘
sh600519,贵州茅台,09:36:55,784.99,1000,784.99,买盘
sh600519,贵州茅台,09:36:52,784.99,1600,784.99,买盘
sh600519,贵州茅台,09:36:49,784.99,944,785.00,卖盘
sh600519,贵州茅台,09:36:46,785.00,1500,785.00,卖盘
sh600519,贵州茅台,09:36:43,785.00,5056,784.50,买盘
sh600519,贵州茅台,09:36:40,784.50,1200,784.50,卖盘
sh600519,贵州茅台,09:36:37,784.50,3000,784.50,卖盘
sh600519,贵州茅台,09:36:34,784.50,7500,784.10,买盘
sh600519,贵州茅台,09:36:31,784.10,1400,784.00,买盘
sh600519,贵州茅台,09:36:28,784.00,1500,784.10,卖盘
sh600519,贵州茅台,09:36:25,784.10,1700,783.56,买盘
sh600519,贵州茅台,09:36:22,783.56,1900,784.00,卖盘
sh600519,贵州茅台,09:36:19,784.00,700,784.03,卖盘
sh600519,贵州茅台,09:36:16,784.03,9622,783.00,买盘
sh600519,贵州茅台,09:36:12,783.00,3500,782.75,买盘
sh600519,贵州茅台,09:36:09,782.75,8700,783.00,卖盘
sh600519,贵州茅台,09:36:05,783.00,1200,782.61,买盘
sh600519,贵州茅台,09:35:57,782.60,800,782.29,买盘
sh600519,贵州茅台,09:35:50,782.29,1000,782.29,卖盘
sh600519,贵州茅台,09:35:48,782.29,2800,782.29,卖盘
sh600519,贵州茅台,09:35:45,782.29,900,782.29,卖盘
sh600519,贵州茅台,09:35:41,782.29,2400,782.30,中性盘
sh600519,贵州茅台,09:35:39,782.30,700,782.20,买盘
sh600519,贵州茅台,09:35:36,782.20,1200,781.27,买盘
sh600519,贵州茅台,09:35:29,782.20,1800,781.08,买盘
sh600519,贵州茅台,09:35:27,781.08,800,781.04,中性盘
sh600519,贵州茅台,09:35:23,781.04,1200,781.06,卖盘
sh600519,贵州茅台,09:35:20,781.06,1200,781.50,卖盘
sh600519,贵州茅台,09:35:12,782.02,1540,782.00,买盘
sh600519,贵州茅台,09:35:08,782.00,2000,781.04,买盘
sh600519,贵州茅台,09:35:06,781.04,6500,781.04,卖盘
sh600519,贵州茅台,09:35:02,781.04,3500,781.04,卖盘
sh600519,贵州茅台,09:35:00,781.04,2600,780.23,买盘
sh600519,贵州茅台,09:34:57,780.23,2200,780.29,卖盘
sh600519,贵州茅台,09:34:47,781.04,1100,780.40,买盘
sh600519,贵州茅台,09:34:44,780.40,1300,781.04,中性盘
sh600519,贵州茅台,09:34:42,781.04,3500,780.23,买盘
sh600519,贵州茅台,09:34:39,780.23,5700,780.10,买盘
sh600519,贵州茅台,09:34:36,780.10,4800,780.23,卖盘
sh600519,贵州茅台,09:34:33,780.23,700,780.23,卖盘
sh600519,贵州茅台,09:34:30,780.23,1800,780.01,买盘
sh600519,贵州茅台,09:34:24,780.08,900,780.06,中性盘
sh600519,贵州茅台,09:34:21,780.06,1600,781.39,卖盘
sh600519,贵州茅台,09:34:15,780.23,1000,781.40,卖盘
sh600519,贵州茅台,09:34:12,781.40,3600,780.08,买盘
sh600519,贵州茅台,09:34:08,780.08,1800,780.23,卖盘
sh600519,贵州茅台,09:34:06,780.23,7700,780.23,买盘
sh600519,贵州茅台,09:34:03,780.23,4100,780.00,买盘
sh600519,贵州茅台,09:33:59,780.00,1700,780.23,中性盘
sh600519,贵州茅台,09:33:57,780.23,2300,780.00,买盘
sh600519,贵州茅台,09:33:54,780.00,4400,780.23,卖盘
sh600519,贵州茅台,09:33:51,780.23,6491,780.65,卖盘
sh600519,贵州茅台,09:33:47,780.65,1100,780.65,买盘
sh600519,贵州茅台,09:33:45,780.65,4100,780.33,买盘
sh600519,贵州茅台,09:33:41,780.33,2800,781.58,卖盘
sh600519,贵州茅台,09:33:38,781.58,4200,780.23,买盘
sh600519,贵州茅台,09:33:35,780.23,2909,780.80,卖盘
sh600519,贵州茅台,09:33:32,780.80,2600,780.22,买盘
sh600519,贵州茅台,09:33:30,780.22,1100,780.80,中性盘
sh600519,贵州茅台,09:33:27,780.80,3100,781.00,买盘
sh600519,贵州茅台,09:33:24,781.00,6600,780.00,买盘
sh600519,贵州茅台,09:33:21,780.00,2100,780.00,买盘
sh600519,贵州茅台,09:33:17,780.00,11500,780.02,卖盘
sh600519,贵州茅台,09:33:15,780.02,1100,780.10,卖盘
sh600519,贵州茅台,09:33:11,780.10,2100,780.06,买盘
sh600519,贵州茅台,09:33:06,780.01,1700,780.06,卖盘
sh600519,贵州茅台,09:33:03,780.06,1500,780.02,买盘
sh600519,贵州茅台,09:32:59,780.02,1400,780.01,买盘
sh600519,贵州茅台,09:32:56,780.01,1800,780.00,买盘
sh600519,贵州茅台,09:32:53,780.00,1600,778.01,中性盘
sh600519,贵州茅台,09:32:50,778.01,2200,778.00,卖盘
sh600519,贵州茅台,09:32:47,778.00,1800,780.00,卖盘
sh600519,贵州茅台,09:32:44,780.00,2100,778.00,买盘
sh600519,贵州茅台,09:32:42,778.00,3700,778.00,卖盘
sh600519,贵州茅台,09:32:39,778.00,13367,777.61,买盘
sh600519,贵州茅台,09:32:35,777.61,6366,777.24,买盘
sh600519,贵州茅台,09:32:33,777.24,3700,777.40,卖盘
sh600519,贵州茅台,09:32:30,777.40,7000,777.24,买盘
sh600519,贵州茅台,09:32:26,777.24,2000,777.20,中性盘
sh600519,贵州茅台,09:32:23,777.20,3000,777.13,中性盘
sh600519,贵州茅台,09:32:20,777.13,7300,777.01,买盘
sh600519,贵州茅台,09:32:17,777.01,5900,777.00,中性盘
sh600519,贵州茅台,09:32:14,777.00,13000,776.73,买盘
sh600519,贵州茅台,09:32:11,776.73,9800,777.00,中性盘
sh600519,贵州茅台,09:32:09,777.00,7200,777.00,买盘
sh600519,贵州茅台,09:32:05,777.00,3900,777.00,买盘
sh600519,贵州茅台,09:32:03,777.00,1400,777.10,卖盘
sh600519,贵州茅台,09:32:00,777.10,1400,777.02,中性盘
sh600519,贵州茅台,09:31:57,777.02,800,778.00,卖盘
sh600519,贵州茅台,09:31:53,778.00,1000,777.40,买盘
sh600519,贵州茅台,09:31:51,777.40,1100,777.77,卖盘
sh600519,贵州茅台,09:31:48,777.77,2800,778.99,卖盘
sh600519,贵州茅台,09:31:44,778.99,2100,779.00,卖盘
sh600519,贵州茅台,09:31:42,779.00,1000,779.18,卖盘
sh600519,贵州茅台,09:31:38,779.18,800,779.18,买盘
sh600519,贵州茅台,09:31:35,779.18,2200,780.00,卖盘
sh600519,贵州茅台,09:31:33,780.00,4000,780.00,卖盘
sh600519,贵州茅台,09:31:30,780.00,1200,780.22,卖盘
sh600519,贵州茅台,09:31:27,780.22,2600,780.05,中性盘
sh600519,贵州茅台,09:31:24,780.05,1000,780.22,卖盘
sh600519,贵州茅台,09:31:20,780.22,6800,780.23,卖盘
sh600519,贵州茅台,09:31:17,780.23,900,782.00,卖盘
sh600519,贵州茅台,09:31:14,782.00,1300,782.00,买盘
sh600519,贵州茅台,09:31:12,782.00,2400,782.00,买盘
sh600519,贵州茅台,09:31:08,782.00,1734,782.00,卖盘
sh600519,贵州茅台,09:31:05,782.00,4066,782.00,卖盘
sh600519,贵州茅台,09:31:03,782.00,5900,782.52,卖盘
sh600519,贵州茅台,09:30:59,782.52,2400,782.60,卖盘
sh600519,贵州茅台,09:30:56,782.60,5700,782.53,买盘
sh600519,贵州茅台,09:30:53,782.53,1400,782.60,卖盘
sh600519,贵州茅台,09:30:51,782.60,5500,782.80,卖盘
sh600519,贵州茅台,09:30:47,782.80,3400,783.00,卖盘
sh600519,贵州茅台,09:30:45,783.00,900,783.00,买盘
sh600519,贵州茅台,09:30:42,783.00,4100,783.00,买盘
sh600519,贵州茅台,09:30:38,783.00,2000,783.03,卖盘
sh600519,贵州茅台,09:30:36,783.03,1300,784.10,卖盘
sh600519,贵州茅台,09:30:32,784.10,1000,784.10,卖盘
sh600519,贵州茅台,09:30:29,784.10,5400,784.10,买盘
sh600519,贵州茅台,09:30:26,784.10,2400,784.10,买盘
sh600519,贵州茅台,09:30:24,784.10,1000,784.10,买盘
sh600519,贵州茅台,09:30:21,784.10,4600,784.00,买盘
sh600519,贵州茅台,09:30:17,784.00,10500,785.00,卖盘
sh600519,贵州茅台,09:30:15,785.00,6600,785.00,买盘
sh600519,贵州茅台,09:30:11,785.00,6200,784.95,买盘
sh600519,贵州茅台,09:30:08,784.95,8288,784.50,买盘
sh600519,贵州茅台,09:30:06,784.50,17512,784.90,中性盘
sh600519,贵州茅台,09:30:03,784.90,8600,785.00,卖盘
sh600519,贵州茅台,09:25:00,785.00,53300,0.00,买盘
